<?xml version="1.0" encoding="UTF-8"?>
<!DOCTYPE html PUBLIC "-//W3C//DTD XHTML 1.0 Transitional//EN"
    "http://www.w3.org/TR/xhtml1/DTD/xhtml1-transitional.dtd">
<html xmlns="http://www.w3.org/1999/xhtml" xml:lang="en" lang="en">
 <head>
  <title>
</title>
<meta http-equiv="Content-Type" content="text/html;charset=utf-8" />
  <meta name='ocr-system' content='tesseract 3.04.00' />
  <meta name='ocr-capabilities' content='ocr_page ocr_carea ocr_par ocr_line ocrx_word'/>
</head>
<body>
  <div class='ocr_page' id='page_1' title='image "averroisparaphr00heidgoog_0035.png"; bbox 0 0 2946 4944; ppageno 0'>
   <div class='ocr_carea' id='block_1_1' title="bbox 175 171 947 234">
    <p class='ocr_par' dir='ltr' id='par_1_1' title="bbox 175 171 947 234">
     <span class='ocr_line' id='line_1_1' title="bbox 175 171 947 234; baseline -0.012 0"><span class='ocrx_word' id='word_1_1' title='bbox 175 171 240 234; x_wconf 86' lang='lat'><strong>380</strong></span> <span class='ocrx_word' id='word_1_2' title='bbox 583 172 739 226; x_wconf 84' lang='lat' dir='ltr'><strong>Fridericus</strong></span> <span class='ocrx_word' id='word_1_3' title='bbox 757 171 947 226; x_wconf 86' lang='lat' dir='ltr'><strong>Heidenhain:</strong></span> 
     </span>
    </p>
   </div>
   <div class='ocr_carea' id='block_1_2' title="bbox 86 340 1348 1934">
    <p class='ocr_par' dir='ltr' id='par_1_2' title="bbox 86 340 1348 1934">
     <span class='ocr_line' id='line_1_2' title="bbox 174 340 1348 416; baseline 0.003 -19"><span class='ocrx_word' id='word_1_4' title='bbox 174 358 249 416; x_wconf 88' lang='lat' dir='ltr'><strong>quae</strong></span> <span class='ocrx_word' id='word_1_5' title='bbox 263 341 452 416; x_wconf 86' lang='lat' dir='ltr'><strong>posterioris:</strong></span> <span class='ocrx_word' id='word_1_6' title='bbox 471 341 644 399; x_wconf 75' lang='lat' dir='ltr'><strong>idemtidem</strong></span> <span class='ocrx_word' id='word_1_7' title='bbox 664 341 821 400; x_wconf 75' lang='lat' dir='ltr'><strong>translatio</strong></span> <span class='ocrx_word' id='word_1_8' title='bbox 840 340 1015 416; x_wconf 88' lang='lat' dir='ltr'><strong>posterioris</strong></span> <span class='ocrx_word' id='word_1_9' title='bbox 1034 343 1065 398; x_wconf 88' lang='lat' dir='ltr'><strong>et</strong></span> <span class='ocrx_word' id='word_1_10' title='bbox 1078 341 1163 416; x_wconf 87' lang='lat' dir='ltr'><strong>regni</strong></span> <span class='ocrx_word' id='word_1_11' title='bbox 1178 342 1208 398; x_wconf 87' lang='lat' dir='ltr'><strong>et</strong></span> <span class='ocrx_word' id='word_1_12' title='bbox 1222 341 1348 400; x_wconf 89' lang='lat' dir='ltr'><strong>dierum.</strong></span> 
     </span>
     <span class='ocr_line' id='line_1_3' title="bbox 173 428 1346 531; baseline 0.003 -46"><span class='ocrx_word' id='word_1_13' title='bbox 173 428 263 489; x_wconf 87' lang='lat' dir='ltr'><strong>huius</strong></span> <span class='ocrx_word' id='word_1_14' title='bbox 282 433 384 488; x_wconf 89' lang='lat' dir='ltr'><strong>autem</strong></span> <span class='ocrx_word' id='word_1_15' title='bbox 402 431 520 531; x_wconf 84' lang='lat' dir='ltr'><strong>generis</strong></span> <span class='ocrx_word' id='word_1_16' title='bbox 543 430 672 488; x_wconf 80' lang='lat' dir='ltr'><strong>imitatio</strong></span> <span class='ocrx_word' id='word_1_17' title='bbox 690 449 759 488; x_wconf 90' lang='lat' dir='ltr'><strong>raro</strong></span> <span class='ocrx_word' id='word_1_18' title='bbox 779 430 814 487; x_wconf 90' lang='lat' dir='ltr'><strong>fit</strong></span> <span class='ocrx_word' id='word_1_19' title='bbox 832 429 862 486; x_wconf 93' lang='lat' dir='ltr'><strong>in</strong></span> <span class='ocrx_word' id='word_1_20' title='bbox 881 430 988 504; x_wconf 90' lang='lat' dir='ltr'><strong>lingua</strong></span> <span class='ocrx_word' id='word_1_21' title='bbox 1005 428 1144 502; x_wconf 88' lang='lat' dir='ltr'><strong>Arabica,</strong></span> <span class='ocrx_word' id='word_1_22' title='bbox 1170 430 1346 504; x_wconf 80' lang='lat' dir='ltr'><strong>saepissime</strong></span> 
     </span>
     <span class='ocr_line' id='line_1_4' title="bbox 173 518 637 596; baseline 0.002 -19"><span class='ocrx_word' id='word_1_23' title='bbox 173 536 244 577; x_wconf 83' lang='lat' dir='ltr'><strong>vero</strong></span> <span class='ocrx_word' id='word_1_24' title='bbox 262 518 295 576; x_wconf 91' lang='lat' dir='ltr'><strong>in</strong></span> <span class='ocrx_word' id='word_1_25' title='bbox 312 519 374 578; x_wconf 88' lang='lat' dir='ltr'><strong>hist</strong></span> <span class='ocrx_word' id='word_1_26' title='bbox 361 519 446 579; x_wconf 87' lang='lat' dir='ltr'><strong>toriis</strong></span> <span class='ocrx_word' id='word_1_27' title='bbox 466 519 637 596; x_wconf 71' lang='lat' dir='ltr'><strong>legalibus,</strong></span> 
     </span>
     <span class='ocr_line' id='line_1_5' title="bbox 264 607 1346 684; baseline 0.001 -18"><span class='ocrx_word' id='word_1_28' title='bbox 264 611 314 666; x_wconf 80' lang='grc'>72.</span> <span class='ocrx_word' id='word_1_29' title='bbox 329 608 438 684; x_wconf 88' lang='lat' dir='ltr'><strong>Inquit.</strong></span> <span class='ocrx_word' id='word_1_30' title='bbox 418 608 534 666; x_wconf 85' lang='lat' dir='ltr'><strong>tPart</strong></span> <span class='ocrx_word' id='word_1_31' title='bbox 522 612 566 667; x_wconf 85' lang='lat' dir='ltr'><strong>tes</strong></span> <span class='ocrx_word' id='word_1_32' title='bbox 581 608 670 666; x_wconf 87' lang='lat' dir='ltr'><strong>huius</strong></span> <span class='ocrx_word' id='word_1_33' title='bbox 685 608 803 684; x_wconf 88' lang='lat' dir='ltr'><strong>generis</strong></span> <span class='ocrx_word' id='word_1_34' title='bbox 819 609 889 665; x_wconf 89' lang='lat' dir='ltr'><strong>sunt</strong></span> <span class='ocrx_word' id='word_1_35' title='bbox 903 607 1026 666; x_wconf 87' lang='lat' dir='ltr'><strong>eaedem</strong></span> <span class='ocrx_word' id='word_1_36' title='bbox 1041 626 1107 665; x_wconf 89' lang='lat' dir='ltr'><strong>cum</strong></span> <span class='ocrx_word' id='word_1_37' title='bbox 1122 609 1260 682; x_wconf 87' lang='lat' dir='ltr'><strong>partibus</strong></span> <span class='ocrx_word' id='word_1_38' title='bbox 1272 608 1346 667; x_wconf 83' lang='lat' dir='ltr'><strong>Tra-</strong></span> 
     </span>
     <span class='ocr_line' id='line_1_6' title="bbox 139 696 1348 796; baseline 0.001 -41"><span class='ocrx_word' id='word_1_39' title='bbox 139 708 153 755; x_wconf 85' lang='lat'>5</span> <span class='ocrx_word' id='word_1_40' title='bbox 173 696 297 772; x_wconf 85' lang='lat' dir='ltr'><strong>goedrae</strong></span> <span class='ocrx_word' id='word_1_41' title='bbox 315 698 599 772; x_wconf 84' lang='lat' dir='ltr'><strong>praestantioribus,</strong></span> <span class='ocrx_word' id='word_1_42' title='bbox 624 697 738 756; x_wconf 86' lang='lat' dir='ltr'><strong>scilicet</strong></span> <span class='ocrx_word' id='word_1_43' title='bbox 760 698 908 772; x_wconf 86' lang='lat' dir='ltr'><strong>peripetia</strong></span> <span class='ocrx_word' id='word_1_44' title='bbox 932 699 961 754; x_wconf 82' lang='lat' dir='ltr'><strong>et</strong></span> <span class='ocrx_word' id='word_1_45' title='bbox 980 696 1132 796; x_wconf 82' lang='lat' dir='ltr'><strong>agnitione</strong></span> <span class='ocrx_word' id='word_1_46' title='bbox 1157 701 1187 756; x_wconf 89' lang='lat' dir='ltr'><strong>et</strong></span> <span class='ocrx_word' id='word_1_47' title='bbox 1212 717 1286 773; x_wconf 88' lang='lat' dir='ltr'><strong>quae</strong></span> <span class='ocrx_word' id='word_1_48' title='bbox 1312 718 1348 756; x_wconf 84' lang='lat' dir='ltr'><strong>ex</strong></span> 
     </span>
     <span class='ocr_line' id='line_1_7' title="bbox 173 785 1348 863; baseline 0.004 -22"><span class='ocrx_word' id='word_1_49' title='bbox 173 785 219 844; x_wconf 92' lang='lat' dir='ltr'><strong>his</strong></span> <span class='ocrx_word' id='word_1_50' title='bbox 249 785 364 845; x_wconf 89' lang='lat' dir='ltr'><strong>duabus</strong></span> <span class='ocrx_word' id='word_1_51' title='bbox 391 790 536 846; x_wconf 80' lang='lat' dir='ltr'><strong>constant.</strong></span> <span class='ocrx_word' id='word_1_52' title='bbox 581 786 797 863; x_wconf 88' lang='lat' dir='ltr'><strong>quandoquet</strong></span> <span class='ocrx_word' id='word_1_53' title='bbox 799 804 886 844; x_wconf 88' lang='lat' dir='ltr'><strong>amen</strong></span> <span class='ocrx_word' id='word_1_54' title='bbox 912 786 1030 860; x_wconf 88' lang='lat' dir='ltr'><strong>aliquae</strong></span> <span class='ocrx_word' id='word_1_55' title='bbox 1057 785 1120 844; x_wconf 88' lang='lat' dir='ltr'><strong>eius</strong></span> <span class='ocrx_word' id='word_1_56' title='bbox 1146 789 1248 861; x_wconf 87' lang='lat' dir='ltr'><strong>partes</strong></span> <span class='ocrx_word' id='word_1_57' title='bbox 1277 791 1348 846; x_wconf 92' lang='lat' dir='ltr'><strong>sunt</strong></span> 
     </span>
     <span class='ocr_line' id='line_1_8' title="bbox 173 874 1347 954; baseline 0.001 -21"><span class='ocrx_word' id='word_1_58' title='bbox 173 893 267 950; x_wconf 87' lang='lat' dir='ltr'><strong>genus</strong></span> <span class='ocrx_word' id='word_1_59' title='bbox 286 876 480 954; x_wconf 80' lang='lat' dir='ltr'><strong>patheticam,</strong></span> <span class='ocrx_word' id='word_1_60' title='bbox 504 876 568 934; x_wconf 92' lang='lat' dir='ltr'><strong>ut</strong></span> <span class='ocrx_word' id='word_1_61' title='bbox 560 896 591 933; x_wconf 94' lang='lat' dir='ltr'><strong>m</strong></span> <span class='ocrx_word' id='word_1_62' title='bbox 611 875 779 951; x_wconf 81' lang='lat' dir='ltr'><strong>Tragoedia</strong></span> <span class='ocrx_word' id='word_1_63' title='bbox 802 876 903 933; x_wconf 89' lang='lat' dir='ltr'><strong>etiam.</strong></span> <span class='ocrx_word' id='word_1_64' title='bbox 940 878 971 933; x_wconf 90' lang='lat' dir='ltr'><strong>et</strong></span> <span class='ocrx_word' id='word_1_65' title='bbox 994 874 1158 934; x_wconf 91' lang='lat' dir='ltr'><strong>iudiciat</strong></span> <span class='ocrx_word' id='word_1_66' title='bbox 1128 876 1219 934; x_wconf 89' lang='lat' dir='ltr'><strong>etiam</strong></span> <span class='ocrx_word' id='word_1_67' title='bbox 1243 896 1347 936; x_wconf 90' lang='lat' dir='ltr'><strong>eorum</strong></span> 
     </span>
     <span class='ocr_line' id='line_1_9' title="bbox 173 962 1136 1040; baseline 0.004 -21"><span class='ocrx_word' id='word_1_68' title='bbox 173 962 204 1020; x_wconf 92' lang='lat' dir='ltr'><strong>in</strong></span> <span class='ocrx_word' id='word_1_69' title='bbox 223 983 279 1022; x_wconf 91' lang='lat' dir='ltr'><strong>usu</strong></span> <span class='ocrx_word' id='word_1_70' title='bbox 299 965 472 1024; x_wconf 84' lang='lat' dir='ltr'><strong>harmoniae</strong></span> <span class='ocrx_word' id='word_1_71' title='bbox 492 968 522 1023; x_wconf 91' lang='lat' dir='ltr'><strong>et</strong></span> <span class='ocrx_word' id='word_1_72' title='bbox 540 968 703 1039; x_wconf 88' lang='lat' dir='ltr'><strong>apparatus</strong></span> <span class='ocrx_word' id='word_1_73' title='bbox 723 968 794 1023; x_wconf 88' lang='lat' dir='ltr'><strong>sunt</strong></span> <span class='ocrx_word' id='word_1_74' title='bbox 812 963 922 1022; x_wconf 88' lang='lat' dir='ltr'><strong>iudicia</strong></span> <span class='ocrx_word' id='word_1_75' title='bbox 941 964 1136 1040; x_wconf 82' lang='lat' dir='ltr'><strong>Tragoedias.</strong></span> 
     </span>
     <span class='ocr_line' id='line_1_10' title="bbox 264 1053 1346 1131; baseline 0.001 -18"><span class='ocrx_word' id='word_1_76' title='bbox 264 1055 313 1113; x_wconf 89' lang='grc'>73.</span> <span class='ocrx_word' id='word_1_77' title='bbox 329 1053 443 1112; x_wconf 88' lang='lat' dir='ltr'><strong>Narrat</strong></span> <span class='ocrx_word' id='word_1_78' title='bbox 452 1057 553 1113; x_wconf 89' lang='lat' dir='ltr'><strong>autem</strong></span> <span class='ocrx_word' id='word_1_79' title='bbox 564 1053 744 1113; x_wconf 75' lang='lat' dir='ltr'><strong>Aristoteles</strong></span> <span class='ocrx_word' id='word_1_80' title='bbox 760 1053 968 1126; x_wconf 86' lang='lat' dir='ltr'><strong>differentiam,</strong></span> <span class='ocrx_word' id='word_1_81' title='bbox 983 1072 1058 1128; x_wconf 90' lang='lat' dir='ltr'><strong>quae</strong></span> <span class='ocrx_word' id='word_1_82' title='bbox 1069 1057 1115 1112; x_wconf 87' lang='lat' dir='ltr'><strong>est</strong></span> <span class='ocrx_word' id='word_1_83' title='bbox 1124 1053 1204 1112; x_wconf 87' lang='lat' dir='ltr'><strong>inter</strong></span> <span class='ocrx_word' id='word_1_84' title='bbox 1215 1055 1346 1131; x_wconf 88' lang='lat' dir='ltr'><strong>Tragoe-</strong></span> 
     </span>
     <span class='ocr_line' id='line_1_11' title="bbox 121 1141 1347 1219; baseline 0.001 -17"><span class='ocrx_word' id='word_1_85' title='bbox 121 1152 154 1203; x_wconf 84' lang='lat'><strong>1&#39;0</strong></span> <span class='ocrx_word' id='word_1_86' title='bbox 173 1141 254 1200; x_wconf 92' lang='lat' dir='ltr'><strong>diam</strong></span> <span class='ocrx_word' id='word_1_87' title='bbox 273 1143 383 1201; x_wconf 84' lang='lat' dir='ltr'><strong>atalia</strong></span> <span class='ocrx_word' id='word_1_88' title='bbox 401 1162 512 1218; x_wconf 87' lang='lat' dir='ltr'><strong>genera</strong></span> <span class='ocrx_word' id='word_1_89' title='bbox 531 1144 710 1219; x_wconf 78' lang='lat' dir='ltr'><strong>Epopoeiae,</strong></span> <span class='ocrx_word' id='word_1_90' title='bbox 730 1162 806 1218; x_wconf 90' lang='lat' dir='ltr'><strong>quae</strong></span> <span class='ocrx_word' id='word_1_91' title='bbox 825 1146 912 1201; x_wconf 88' lang='lat' dir='ltr'><strong>erant</strong></span> <span class='ocrx_word' id='word_1_92' title='bbox 933 1143 974 1201; x_wconf 88' lang='lat' dir='ltr'><strong>eis</strong></span> <span class='ocrx_word' id='word_1_93' title='bbox 994 1143 1116 1217; x_wconf 89' lang='lat' dir='ltr'><strong>propria</strong></span> <span class='ocrx_word' id='word_1_94' title='bbox 1129 1145 1164 1201; x_wconf 90' lang='lat' dir='ltr'><strong>ut</strong></span> <span class='ocrx_word' id='word_1_95' title='bbox 1179 1163 1254 1219; x_wconf 87' lang='lat' dir='ltr'><strong>quas</strong></span> <span class='ocrx_word' id='word_1_96' title='bbox 1269 1145 1347 1219; x_wconf 87' lang='lat' dir='ltr'><strong>peri·</strong></span> 
     </span>
     <span class='ocr_line' id='line_1_12' title="bbox 172 1231 1345 1308; baseline 0.003 -19"><span class='ocrx_word' id='word_1_97' title='bbox 172 1231 260 1305; x_wconf 83' lang='lat' dir='ltr'><strong>petiis</strong></span> <span class='ocrx_word' id='word_1_98' title='bbox 275 1232 478 1308; x_wconf 83' lang='lat' dir='ltr'><strong>agnitionibus</strong></span> <span class='ocrx_word' id='word_1_99' title='bbox 494 1233 650 1292; x_wconf 87' lang='lat' dir='ltr'><strong>affectibus</strong></span> <span class='ocrx_word' id='word_1_100' title='bbox 671 1235 762 1307; x_wconf 88' lang='lat' dir='ltr'><strong>atque</strong></span> <span class='ocrx_word' id='word_1_101' title='bbox 777 1233 926 1291; x_wconf 87' lang='lat' dir='ltr'><strong>sententia</strong></span> <span class='ocrx_word' id='word_1_102' title='bbox 941 1235 971 1290; x_wconf 90' lang='lat' dir='ltr'><strong>et</strong></span> <span class='ocrx_word' id='word_1_103' title='bbox 984 1231 1093 1290; x_wconf 89' lang='lat' dir='ltr'><strong>imitat</strong></span> <span class='ocrx_word' id='word_1_104' title='bbox 1084 1251 1151 1291; x_wconf 89' lang='lat' dir='ltr'><strong>rone</strong></span> <span class='ocrx_word' id='word_1_105' title='bbox 1166 1233 1345 1293; x_wconf 87' lang='lat' dir='ltr'><strong>dictioneve:</strong></span> 
     </span>
     <span class='ocr_line' id='line_1_13' title="bbox 173 1320 1346 1411; baseline 0.003 -34"><span class='ocrx_word' id='word_1_106' title='bbox 173 1323 204 1378; x_wconf 92' lang='lat' dir='ltr'><strong>et</strong></span> <span class='ocrx_word' id='word_1_107' title='bbox 208 1320 305 1411; x_wconf 92' lang='lat' dir='ltr'><strong>quod</strong></span> <span class='ocrx_word' id='word_1_108' title='bbox 329 1323 439 1380; x_wconf 92' lang='lat' dir='ltr'><strong>dantur</strong></span> <span class='ocrx_word' id='word_1_109' title='bbox 460 1322 607 1398; x_wconf 87' lang='lat' dir='ltr'><strong>quaedam</strong></span> <span class='ocrx_word' id='word_1_110' title='bbox 629 1325 734 1397; x_wconf 88' lang='lat' dir='ltr'><strong>metra,</strong></span> <span class='ocrx_word' id='word_1_111' title='bbox 761 1341 837 1396; x_wconf 91' lang='lat' dir='ltr'><strong>quae</strong></span> <span class='ocrx_word' id='word_1_112' title='bbox 858 1322 954 1396; x_wconf 90' lang='lat' dir='ltr'><strong>magis</strong></span> <span class='ocrx_word' id='word_1_113' title='bbox 975 1325 1145 1397; x_wconf 87' lang='lat' dir='ltr'><strong>congruunt</strong></span> <span class='ocrx_word' id='word_1_114' title='bbox 1166 1323 1346 1397; x_wconf 90' lang='lat' dir='ltr'><strong>quibusdam</strong></span> 
     </span>
     <span class='ocr_line' id='line_1_14' title="bbox 172 1367 1345 1489; baseline 0.003 -22"><span class='ocrx_word' id='word_1_115' title='bbox 172 1393 360 1484; x_wconf 88' lang='lat' dir='ltr'><strong>poematibus</strong></span> <span class='ocrx_word' id='word_1_116' title='bbox 380 1430 469 1486; x_wconf 90' lang='lat' dir='ltr'><strong>qnam</strong></span> <span class='ocrx_word' id='word_1_117' title='bbox 487 1411 666 1487; x_wconf 89' lang='lat' dir='ltr'><strong>quibusdam</strong></span> <span class='ocrx_word' id='word_1_118' title='bbox 686 1367 761 1469; x_wconf 78' lang='lat' dir='ltr'><strong>aliis</strong></span> <span class='ocrx_word' id='word_1_119' title='bbox 800 1411 912 1469; x_wconf 89' lang='lat' dir='ltr'><strong>Narrat</strong></span> <span class='ocrx_word' id='word_1_120' title='bbox 899 1414 971 1486; x_wconf 86' lang='lat' dir='ltr'><strong>tque</strong></span> <span class='ocrx_word' id='word_1_121' title='bbox 985 1410 1072 1469; x_wconf 88' lang='lat' dir='ltr'><strong>Arist</strong></span> <span class='ocrx_word' id='word_1_122' title='bbox 1059 1413 1177 1489; x_wconf 87' lang='lat' dir='ltr'><strong>toteles,</strong></span> <span class='ocrx_word' id='word_1_123' title='bbox 1196 1413 1262 1486; x_wconf 91' lang='lat' dir='ltr'><strong>quis</strong></span> <span class='ocrx_word' id='word_1_124' title='bbox 1277 1431 1345 1487; x_wconf 89' lang='lat' dir='ltr'><strong>poe·</strong></span> 
     </span>
     <span class='ocr_line' id='line_1_15' title="bbox 172 1500 1347 1602; baseline 0.003 -46"><span class='ocrx_word' id='word_1_125' title='bbox 172 1501 273 1558; x_wconf 89' lang='lat' dir='ltr'><strong>tarum</strong></span> <span class='ocrx_word' id='word_1_126' title='bbox 287 1503 367 1560; x_wconf 86' lang='lat' dir='ltr'><strong>recte</strong></span> <span class='ocrx_word' id='word_1_127' title='bbox 383 1504 414 1558; x_wconf 91' lang='lat' dir='ltr'><strong>et</strong></span> <span class='ocrx_word' id='word_1_128' title='bbox 428 1500 497 1575; x_wconf 90' lang='lat' dir='ltr'><strong>quis</strong></span> <span class='ocrx_word' id='word_1_129' title='bbox 511 1519 571 1560; x_wconf 91' lang='lat' dir='ltr'><strong>non</strong></span> <span class='ocrx_word' id='word_1_130' title='bbox 580 1502 661 1558; x_wconf 85' lang='lat' dir='ltr'><strong>recte</strong></span> <span class='ocrx_word' id='word_1_131' title='bbox 677 1519 708 1559; x_wconf 91' lang='lat' dir='ltr'><strong>se</strong></span> <span class='ocrx_word' id='word_1_132' title='bbox 722 1501 872 1575; x_wconf 82' lang='lat' dir='ltr'><strong>gesserit</strong></span> <span class='ocrx_word' id='word_1_133' title='bbox 864 1519 896 1557; x_wconf 94' lang='grc' dir='ltr'><strong>ιιι</strong></span> <span class='ocrx_word' id='word_1_134' title='bbox 911 1501 975 1574; x_wconf 88' lang='lat' dir='ltr'><strong>hoc,</strong></span> <span class='ocrx_word' id='word_1_135' title='bbox 994 1500 1113 1559; x_wconf 82' lang='lat' dir='ltr'><strong>extollit</strong></span> <span class='ocrx_word' id='word_1_136' title='bbox 1101 1503 1172 1602; x_wconf 80' lang='lat' dir='ltr'><strong>tque</strong></span> <span class='ocrx_word' id='word_1_137' title='bbox 1182 1500 1347 1560; x_wconf 90' lang='lat' dir='ltr'><strong>Homerum</strong></span> 
     </span>
     <span class='ocr_line' id='line_1_16' title="bbox 121 1589 1347 1665; baseline 0.002 -18"><span class='ocrx_word' id='word_1_138' title='bbox 121 1600 153 1648; x_wconf 85' lang='lat'><strong>15</strong></span> <span class='ocrx_word' id='word_1_139' title='bbox 174 1606 263 1663; x_wconf 88' lang='lat' dir='ltr'><strong>super</strong></span> <span class='ocrx_word' id='word_1_140' title='bbox 288 1592 401 1649; x_wconf 87' lang='lat' dir='ltr'><strong>ceteros</strong></span> <span class='ocrx_word' id='word_1_141' title='bbox 426 1590 509 1648; x_wconf 88' lang='lat' dir='ltr'><strong>alios.</strong></span> <span class='ocrx_word' id='word_1_142' title='bbox 556 1589 666 1648; x_wconf 83' lang='lat' dir='ltr'><strong>Totum</strong></span> <span class='ocrx_word' id='word_1_143' title='bbox 689 1592 790 1647; x_wconf 89' lang='lat' dir='ltr'><strong>tamen</strong></span> <span class='ocrx_word' id='word_1_144' title='bbox 814 1589 870 1648; x_wconf 89' lang='lat' dir='ltr'><strong>hoc</strong></span> <span class='ocrx_word' id='word_1_145' title='bbox 895 1591 941 1647; x_wconf 90' lang='lat' dir='ltr'><strong>est</strong></span> <span class='ocrx_word' id='word_1_146' title='bbox 959 1589 1113 1664; x_wconf 89' lang='lat' dir='ltr'><strong>proprium</strong></span> <span class='ocrx_word' id='word_1_147' title='bbox 1132 1590 1207 1665; x_wconf 91' lang='lat' dir='ltr'><strong>ipsis</strong></span> <span class='ocrx_word' id='word_1_148' title='bbox 1226 1590 1347 1650; x_wconf 82' lang='lat' dir='ltr'><strong>Graecis</strong></span> 
     </span>
     <span class='ocr_line' id='line_1_17' title="bbox 86 1678 1347 1755; baseline 0.004 -21"><span class='ocrx_word' id='word_1_149' title='bbox 86 1730 88 1734; x_wconf 87' lang='lat'><strong>.</strong></span> <span class='ocrx_word' id='word_1_150' title='bbox 173 1681 203 1736; x_wconf 89' lang='lat' dir='ltr'><strong>et</strong></span> <span class='ocrx_word' id='word_1_151' title='bbox 226 1696 285 1736; x_wconf 92' lang='lat' dir='ltr'><strong>non</strong></span> <span class='ocrx_word' id='word_1_152' title='bbox 308 1678 459 1755; x_wconf 86' lang='lat' dir='ltr'><strong>reperitur</strong></span> <span class='ocrx_word' id='word_1_153' title='bbox 484 1681 562 1754; x_wconf 89' lang='lat' dir='ltr'><strong>apud</strong></span> <span class='ocrx_word' id='word_1_154' title='bbox 588 1697 642 1737; x_wconf 91' lang='lat' dir='ltr'><strong>nos</strong></span> <span class='ocrx_word' id='word_1_155' title='bbox 669 1679 781 1738; x_wconf 88' lang='lat' dir='ltr'><strong>simile:</strong></span> <span class='ocrx_word' id='word_1_156' title='bbox 806 1680 855 1737; x_wconf 86' lang='lat' dir='ltr'><strong>rel</strong></span> <span class='ocrx_word' id='word_1_157' title='bbox 880 1680 950 1755; x_wconf 89' lang='lat' dir='ltr'><strong>quia</strong></span> <span class='ocrx_word' id='word_1_158' title='bbox 977 1681 1041 1754; x_wconf 87' lang='lat' dir='ltr'><strong>hoc,</strong></span> <span class='ocrx_word' id='word_1_159' title='bbox 1068 1681 1146 1753; x_wconf 93' lang='lat' dir='ltr'><strong>quod</strong></span> <span class='ocrx_word' id='word_1_160' title='bbox 1165 1679 1347 1740; x_wconf 88' lang='lat' dir='ltr'><strong>Aristoteles</strong></span> 
     </span>
     <span class='ocr_line' id='line_1_18' title="bbox 171 1768 1346 1845; baseline 0.003 -21"><span class='ocrx_word' id='word_1_161' title='bbox 171 1771 282 1840; x_wconf 87' lang='lat' dir='ltr'><strong>narrat,</strong></span> <span class='ocrx_word' id='word_1_162' title='bbox 302 1787 362 1827; x_wconf 90' lang='lat' dir='ltr'><strong>non</strong></span> <span class='ocrx_word' id='word_1_163' title='bbox 381 1769 425 1827; x_wconf 89' lang='lat' dir='ltr'><strong>sit</strong></span> <span class='ocrx_word' id='word_1_164' title='bbox 440 1787 594 1827; x_wconf 86' lang='lat' dir='ltr'><strong>commune</strong></span> <span class='ocrx_word' id='word_1_165' title='bbox 613 1768 751 1843; x_wconf 90' lang='lat' dir='ltr'><strong>pluribus</strong></span> <span class='ocrx_word' id='word_1_166' title='bbox 767 1769 919 1844; x_wconf 80' lang='lat' dir='ltr'><strong>gentibue,</strong></span> <span class='ocrx_word' id='word_1_167' title='bbox 938 1769 987 1828; x_wconf 88' lang='lat' dir='ltr'><strong>vel</strong></span> <span class='ocrx_word' id='word_1_168' title='bbox 1005 1768 1076 1843; x_wconf 90' lang='lat' dir='ltr'><strong>quia</strong></span> <span class='ocrx_word' id='word_1_169' title='bbox 1089 1769 1121 1826; x_wconf 93' lang='lat' dir='ltr'><strong>in</strong></span> <span class='ocrx_word' id='word_1_170' title='bbox 1136 1769 1181 1827; x_wconf 92' lang='lat' dir='ltr'><strong>his</strong></span> <span class='ocrx_word' id='word_1_171' title='bbox 1196 1770 1346 1845; x_wconf 86' lang='lat' dir='ltr'><strong>contingit</strong></span> 
     </span>
     <span class='ocr_line' id='line_1_19' title="bbox 96 1856 1345 1934; baseline 0.003 -21"><span class='ocrx_word' id='word_1_172' title='bbox 96 1868 100 1872; x_wconf 86' lang='grc'><em>“</em></span> <span class='ocrx_word' id='word_1_173' title='bbox 172 1857 244 1931; x_wconf 88' lang='lat' dir='ltr'><strong>ipsis</strong></span> <span class='ocrx_word' id='word_1_174' title='bbox 268 1856 419 1916; x_wconf 68' lang='lat' dir='ltr'><strong>arabibus</strong></span> <span class='ocrx_word' id='word_1_175' title='bbox 447 1858 518 1934; x_wconf 91' lang='lat' dir='ltr'><strong>quid</strong></span> <span class='ocrx_word' id='word_1_176' title='bbox 545 1859 842 1934; x_wconf 88' lang='lat' dir='ltr'><strong>praeternaturale,</strong></span> <span class='ocrx_word' id='word_1_177' title='bbox 874 1862 905 1917; x_wconf 94' lang='lat' dir='ltr'><strong>et</strong></span> <span class='ocrx_word' id='word_1_178' title='bbox 929 1860 975 1916; x_wconf 89' lang='lat' dir='ltr'><strong>est</strong></span> <span class='ocrx_word' id='word_1_179' title='bbox 999 1857 1179 1930; x_wconf 87' lang='lat' dir='ltr'><strong>evidentius,</strong></span> <span class='ocrx_word' id='word_1_180' title='bbox 1204 1859 1345 1932; x_wconf 87' lang='lat' dir='ltr'><strong>quoniam</strong></span> 
     </span>
    </p>
   </div>
   <div class='ocr_carea' id='block_1_3' title="bbox 5 1939 1345 2024">
    <p class='ocr_par' dir='ltr' id='par_1_3' title="bbox 5 1939 1345 2024">
     <span class='ocr_line' id='line_1_20' title="bbox 5 1939 1345 2024; baseline 0.001 -20"><span class='ocrx_word' id='word_1_181' title='bbox 5 1939 9 1946; x_wconf 80' lang='grc'><em>’</em></span> <span class='ocrx_word' id='word_1_182' title='bbox 66 1992 68 1996; x_wconf 91' lang='grc'>.</span> <span class='ocrx_word' id='word_1_183' title='bbox 173 1947 261 2018; x_wconf 87' lang='lat' dir='ltr'><strong>absit,</strong></span> <span class='ocrx_word' id='word_1_184' title='bbox 284 1946 363 2022; x_wconf 93' lang='lat' dir='ltr'><strong>quod</strong></span> <span class='ocrx_word' id='word_1_185' title='bbox 382 1947 563 2006; x_wconf 87' lang='lat' dir='ltr'><strong>Aristoteles</strong></span> <span class='ocrx_word' id='word_1_186' title='bbox 586 1948 617 2005; x_wconf 92' lang='lat' dir='ltr'><strong>in</strong></span> <span class='ocrx_word' id='word_1_187' title='bbox 640 1947 696 2007; x_wconf 90' lang='lat' dir='ltr'><strong>hoc</strong></span> <span class='ocrx_word' id='word_1_188' title='bbox 715 1966 769 2006; x_wconf 90' lang='lat' dir='ltr'><strong>suo</strong></span> <span class='ocrx_word' id='word_1_189' title='bbox 788 1948 865 2006; x_wconf 87' lang='lat' dir='ltr'><strong>hhro</strong></span> <span class='ocrx_word' id='word_1_190' title='bbox 889 1947 1038 2006; x_wconf 81' lang='lat' dir='ltr'><strong>describat</strong></span> <span class='ocrx_word' id='word_1_191' title='bbox 1056 1947 1178 2024; x_wconf 86' lang='lat' dir='ltr'><strong>aliquid,</strong></span> <span class='ocrx_word' id='word_1_192' title='bbox 1201 1947 1279 2021; x_wconf 91' lang='lat' dir='ltr'><strong>quod</strong></span> <span class='ocrx_word' id='word_1_193' title='bbox 1305 1947 1345 2005; x_wconf 85' lang='lat' dir='ltr'><strong>sit</strong></span> 
     </span>
    </p>
   </div>
   <div class='ocr_carea' id='block_1_4' title="bbox 117 2035 1345 3631">
    <p class='ocr_par' dir='ltr' id='par_1_4' title="bbox 119 2035 1343 2184">
     <span class='ocr_line' id='line_1_21' title="bbox 119 2035 1343 2113; baseline -0.002 -17"><span class='ocrx_word' id='word_1_194' title='bbox 119 2049 153 2096; x_wconf 83' lang='lat'><strong>20</strong></span> <span class='ocrx_word' id='word_1_195' title='bbox 172 2035 325 2110; x_wconf 89' lang='lat' dir='ltr'><strong>proprium</strong></span> <span class='ocrx_word' id='word_1_196' title='bbox 352 2037 425 2111; x_wconf 88' lang='lat' dir='ltr'><strong>ipsis</strong></span> <span class='ocrx_word' id='word_1_197' title='bbox 455 2035 589 2113; x_wconf 85' lang='lat' dir='ltr'><strong>Graecis,</strong></span> <span class='ocrx_word' id='word_1_198' title='bbox 624 2038 675 2095; x_wconf 90' lang='lat' dir='ltr'><strong>sed</strong></span> <span class='ocrx_word' id='word_1_199' title='bbox 703 2038 783 2112; x_wconf 91' lang='lat' dir='ltr'><strong>quod</strong></span> <span class='ocrx_word' id='word_1_200' title='bbox 812 2037 853 2095; x_wconf 89' lang='lat' dir='ltr'><strong>sit</strong></span> <span class='ocrx_word' id='word_1_201' title='bbox 881 2056 1036 2095; x_wconf 90' lang='lat' dir='ltr'><strong>commune</strong></span> <span class='ocrx_word' id='word_1_202' title='bbox 1065 2037 1180 2096; x_wconf 88' lang='lat' dir='ltr'><strong>cunctis</strong></span> <span class='ocrx_word' id='word_1_203' title='bbox 1203 2037 1343 2112; x_wconf 89' lang='lat' dir='ltr'><strong>gentibus</strong></span> 
     </span>
     <span class='ocr_line' id='line_1_22' title="bbox 171 2126 368 2184; baseline 0.005 -2"><span class='ocrx_word' id='word_1_204' title='bbox 171 2126 368 2184; x_wconf 86' lang='lat' dir='ltr'><strong>naturalibus.</strong></span> 
     </span>
    </p>

    <p class='ocr_par' dir='ltr' id='par_1_5' title="bbox 171 2213 1345 2470">
     <span class='ocr_line' id='line_1_23' title="bbox 263 2213 1344 2290; baseline 0.003 -19"><span class='ocrx_word' id='word_1_205' title='bbox 263 2216 312 2273; x_wconf 86' lang='grc'>74.</span> <span class='ocrx_word' id='word_1_206' title='bbox 326 2213 436 2289; x_wconf 89' lang='lat' dir='ltr'><strong>Inquit.</strong></span> <span class='ocrx_word' id='word_1_207' title='bbox 461 2214 504 2290; x_wconf 91' lang='lat' dir='ltr'><strong>Id,</strong></span> <span class='ocrx_word' id='word_1_208' title='bbox 519 2213 598 2290; x_wconf 88' lang='lat' dir='ltr'><strong>quod</strong></span> <span class='ocrx_word' id='word_1_209' title='bbox 607 2217 697 2289; x_wconf 88' lang='lat' dir='ltr'><strong>poeta</strong></span> <span class='ocrx_word' id='word_1_210' title='bbox 710 2215 805 2289; x_wconf 87' lang='lat' dir='ltr'><strong>affert,</strong></span> <span class='ocrx_word' id='word_1_211' title='bbox 820 2213 910 2272; x_wconf 90' lang='lat' dir='ltr'><strong>debet</strong></span> <span class='ocrx_word' id='word_1_212' title='bbox 919 2231 984 2272; x_wconf 89' lang='lat' dir='ltr'><strong>esse</strong></span> <span class='ocrx_word' id='word_1_213' title='bbox 995 2214 1117 2272; x_wconf 91' lang='lat' dir='ltr'><strong>brevius</strong></span> <span class='ocrx_word' id='word_1_214' title='bbox 1127 2219 1267 2289; x_wconf 87' lang='lat' dir='ltr'><strong>respectu</strong></span> <span class='ocrx_word' id='word_1_215' title='bbox 1278 2234 1344 2274; x_wconf 87' lang='lat' dir='ltr'><strong>ora-</strong></span> 
     </span>
     <span class='ocr_line' id='line_1_24' title="bbox 171 2302 1345 2380; baseline 0.002 -20"><span class='ocrx_word' id='word_1_216' title='bbox 171 2302 260 2361; x_wconf 88' lang='lat' dir='ltr'><strong>tionis</strong></span> <span class='ocrx_word' id='word_1_217' title='bbox 288 2302 473 2379; x_wconf 75' lang='lat' dir='ltr'><strong>imitationiS,</strong></span> <span class='ocrx_word' id='word_1_218' title='bbox 502 2308 537 2362; x_wconf 91' lang='lat' dir='ltr'><strong>ut</strong></span> <span class='ocrx_word' id='word_1_219' title='bbox 565 2304 643 2380; x_wconf 94' lang='lat' dir='ltr'><strong>quod</strong></span> <span class='ocrx_word' id='word_1_220' title='bbox 670 2305 763 2364; x_wconf 88' lang='lat' dir='ltr'><strong>faciat</strong></span> <span class='ocrx_word' id='word_1_221' title='bbox 788 2303 945 2380; x_wconf 89' lang='lat' dir='ltr'><strong>prologum</strong></span> <span class='ocrx_word' id='word_1_222' title='bbox 971 2302 1151 2361; x_wconf 86' lang='lat' dir='ltr'><strong>breviorem:</strong></span> <span class='ocrx_word' id='word_1_223' title='bbox 1180 2304 1285 2362; x_wconf 89' lang='lat' dir='ltr'><strong>deinde</strong></span> <span class='ocrx_word' id='word_1_224' title='bbox 1313 2323 1345 2363; x_wconf 89' lang='lat' dir='ltr'><strong>se</strong></span> 
     </span>
     <span class='ocr_line' id='line_1_25' title="bbox 171 2391 1344 2470; baseline 0 -20"><span class='ocrx_word' id='word_1_225' title='bbox 171 2393 335 2451; x_wconf 86' lang='lat' dir='ltr'><strong>transferat</strong></span> <span class='ocrx_word' id='word_1_226' title='bbox 360 2392 397 2451; x_wconf 91' lang='lat' dir='ltr'><strong>ad</strong></span> <span class='ocrx_word' id='word_1_227' title='bbox 420 2393 464 2470; x_wconf 92' lang='lat' dir='ltr'><strong>id,</strong></span> <span class='ocrx_word' id='word_1_228' title='bbox 490 2392 570 2469; x_wconf 93' lang='lat' dir='ltr'><strong>quod</strong></span> <span class='ocrx_word' id='word_1_229' title='bbox 593 2394 660 2452; x_wconf 87' lang='lat' dir='ltr'><strong>vult</strong></span> <span class='ocrx_word' id='word_1_230' title='bbox 682 2394 808 2470; x_wconf 88' lang='lat' dir='ltr'><strong>imitari,</strong></span> <span class='ocrx_word' id='word_1_231' title='bbox 835 2396 866 2451; x_wconf 85' lang='lat' dir='ltr'><strong>et</strong></span> <span class='ocrx_word' id='word_1_232' title='bbox 888 2391 963 2450; x_wconf 90' lang='lat' dir='ltr'><strong>nihil</strong></span> <span class='ocrx_word' id='word_1_233' title='bbox 986 2391 1164 2450; x_wconf 89' lang='lat' dir='ltr'><strong>inusitatum</strong></span> <span class='ocrx_word' id='word_1_234' title='bbox 1187 2392 1265 2451; x_wconf 90' lang='lat' dir='ltr'><strong>circa</strong></span> <span class='ocrx_word' id='word_1_235' title='bbox 1289 2394 1344 2451; x_wconf 87' lang='lat' dir='ltr'><strong>hoc</strong></span> 
     </span>
    </p>

    <p class='ocr_par' dir='ltr' id='par_1_6' title="bbox 118 2481 1343 2738">
     <span class='ocr_line' id='line_1_26' title="bbox 118 2481 1343 2560; baseline -0.002 -18"><span class='ocrx_word' id='word_1_236' title='bbox 118 2493 151 2542; x_wconf 83' lang='lat'><strong>25</strong></span> <span class='ocrx_word' id='word_1_237' title='bbox 162 2482 288 2555; x_wconf 83' lang='lat' dir='ltr'><strong>afferat,</strong></span> <span class='ocrx_word' id='word_1_238' title='bbox 309 2482 361 2540; x_wconf 90' lang='lat' dir='ltr'><strong>sed</strong></span> <span class='ocrx_word' id='word_1_239' title='bbox 379 2483 524 2542; x_wconf 88' lang='lat' dir='ltr'><strong>usitatum</strong></span> <span class='ocrx_word' id='word_1_240' title='bbox 543 2485 670 2557; x_wconf 85' lang='lat' dir='ltr'><strong>tantum,</strong></span> <span class='ocrx_word' id='word_1_241' title='bbox 690 2485 760 2560; x_wconf 89' lang='lat' dir='ltr'><strong>quia</strong></span> <span class='ocrx_word' id='word_1_242' title='bbox 778 2483 956 2541; x_wconf 90' lang='lat' dir='ltr'><strong>inusitatum</strong></span> <span class='ocrx_word' id='word_1_243' title='bbox 974 2483 1109 2558; x_wconf 87' lang='lat' dir='ltr'><strong>negatur.</strong></span> <span class='ocrx_word' id='word_1_244' title='bbox 1146 2481 1222 2539; x_wconf 88' lang='lat' dir='ltr'><strong>dixit</strong></span> <span class='ocrx_word' id='word_1_245' title='bbox 1241 2483 1343 2540; x_wconf 87' lang='lat' dir='ltr'><strong>autem</strong></span> 
     </span>
     <span class='ocr_line' id='line_1_27' title="bbox 172 2570 1342 2648; baseline 0.002 -20"><span class='ocrx_word' id='word_1_246' title='bbox 172 2571 236 2646; x_wconf 87' lang='lat' dir='ltr'><strong>hoc,</strong></span> <span class='ocrx_word' id='word_1_247' title='bbox 262 2574 296 2629; x_wconf 90' lang='lat' dir='ltr'><strong>ut</strong></span> <span class='ocrx_word' id='word_1_248' title='bbox 320 2572 437 2648; x_wconf 83' lang='lat' dir='ltr'><strong>opinor,</strong></span> <span class='ocrx_word' id='word_1_249' title='bbox 465 2573 535 2647; x_wconf 88' lang='lat' dir='ltr'><strong>quia</strong></span> <span class='ocrx_word' id='word_1_250' title='bbox 558 2576 664 2648; x_wconf 86' lang='lat' dir='ltr'><strong>gentes</strong></span> <span class='ocrx_word' id='word_1_251' title='bbox 687 2574 801 2632; x_wconf 87' lang='lat' dir='ltr'><strong>habent</strong></span> <span class='ocrx_word' id='word_1_252' title='bbox 823 2573 854 2629; x_wconf 92' lang='lat' dir='ltr'><strong>in</strong></span> <span class='ocrx_word' id='word_1_253' title='bbox 878 2573 939 2630; x_wconf 89' lang='lat' dir='ltr'><strong>suis</strong></span> <span class='ocrx_word' id='word_1_254' title='bbox 965 2570 1182 2630; x_wconf 88' lang='lat' dir='ltr'><strong>imitationibus</strong></span> <span class='ocrx_word' id='word_1_255' title='bbox 1205 2572 1342 2647; x_wconf 89' lang='lat' dir='ltr'><strong>proprios</strong></span> 
     </span>
     <span class='ocr_line' id='line_1_28' title="bbox 170 2662 797 2738; baseline 0.008 -21"><span class='ocrx_word' id='word_1_256' title='bbox 170 2679 243 2719; x_wconf 90' lang='lat' dir='ltr'><strong>usus</strong></span> <span class='ocrx_word' id='word_1_257' title='bbox 264 2662 425 2719; x_wconf 86' lang='lat' dir='ltr'><strong>secundum</strong></span> <span class='ocrx_word' id='word_1_258' title='bbox 445 2664 583 2737; x_wconf 86' lang='lat' dir='ltr'><strong>tempora</strong></span> <span class='ocrx_word' id='word_1_259' title='bbox 602 2665 632 2720; x_wconf 89' lang='lat' dir='ltr'><strong>et</strong></span> <span class='ocrx_word' id='word_1_260' title='bbox 650 2663 797 2738; x_wconf 79' lang='lat' dir='ltr'><strong>regiones</strong></span> 
     </span>
    </p>

    <p class='ocr_par' dir='ltr' id='par_1_7' title="bbox 170 2747 1343 2918">
     <span class='ocr_line' id='line_1_29' title="bbox 261 2747 1343 2826; baseline -0.001 -18"><span class='ocrx_word' id='word_1_261' title='bbox 261 2751 309 2809; x_wconf 83' lang='lat'><strong>75.</strong></span> <span class='ocrx_word' id='word_1_262' title='bbox 330 2747 440 2826; x_wconf 89' lang='lat' dir='ltr'><strong>Inquit.</strong></span> <span class='ocrx_word' id='word_1_263' title='bbox 474 2750 506 2808; x_wconf 83' lang='lat' dir='ltr'><strong>Si</strong></span> <span class='ocrx_word' id='word_1_264' title='bbox 525 2769 677 2810; x_wconf 87' lang='lat' dir='ltr'><strong>sermones</strong></span> <span class='ocrx_word' id='word_1_265' title='bbox 695 2751 847 2826; x_wconf 86' lang='lat' dir='ltr'><strong>longiores</strong></span> <span class='ocrx_word' id='word_1_266' title='bbox 870 2751 945 2809; x_wconf 89' lang='lat' dir='ltr'><strong>fiant</strong></span> <span class='ocrx_word' id='word_1_267' title='bbox 965 2750 1141 2824; x_wconf 89' lang='lat' dir='ltr'><strong>nullamque</strong></span> <span class='ocrx_word' id='word_1_268' title='bbox 1165 2749 1343 2810; x_wconf 89' lang='lat' dir='ltr'><strong>varietatem</strong></span> 
     </span>
     <span class='ocr_line' id='line_1_30' title="bbox 170 2839 1342 2918; baseline 0.002 -22"><span class='ocrx_word' id='word_1_269' title='bbox 170 2857 267 2914; x_wconf 90' lang='lat' dir='ltr'><strong>neque</strong></span> <span class='ocrx_word' id='word_1_270' title='bbox 281 2839 480 2899; x_wconf 87' lang='lat' dir='ltr'><strong>imitationem</strong></span> <span class='ocrx_word' id='word_1_271' title='bbox 495 2841 664 2918; x_wconf 82' lang='lat' dir='ltr'><strong>habuerint,</strong></span> <span class='ocrx_word' id='word_1_272' title='bbox 679 2844 750 2900; x_wconf 87' lang='lat' dir='ltr'><strong>tuns</strong></span> <span class='ocrx_word' id='word_1_273' title='bbox 764 2840 952 2900; x_wconf 90' lang='lat' dir='ltr'><strong>considerare</strong></span> <span class='ocrx_word' id='word_1_274' title='bbox 967 2841 1086 2913; x_wconf 85' lang='lat' dir='ltr'><strong>oportet</strong></span> <span class='ocrx_word' id='word_1_275' title='bbox 1099 2839 1131 2896; x_wconf 93' lang='lat' dir='ltr'><strong>in</strong></span> <span class='ocrx_word' id='word_1_276' title='bbox 1146 2839 1209 2915; x_wconf 88' lang='lat' dir='ltr'><strong>hoc,</strong></span> <span class='ocrx_word' id='word_1_277' title='bbox 1224 2842 1259 2897; x_wconf 95' lang='lat' dir='ltr'><strong>ut</strong></span> <span class='ocrx_word' id='word_1_278' title='bbox 1270 2839 1342 2898; x_wconf 90' lang='lat' dir='ltr'><strong>affe·</strong></span> 
     </span>
    </p>

    <p class='ocr_par' dir='ltr' id='par_1_8' title="bbox 117 2928 1344 3363">
     <span class='ocr_line' id='line_1_31' title="bbox 117 2928 1341 3007; baseline -0.002 -17"><span class='ocrx_word' id='word_1_279' title='bbox 117 2942 151 2990; x_wconf 87' lang='lat'><strong>30</strong></span> <span class='ocrx_word' id='word_1_280' title='bbox 171 2932 277 2987; x_wconf 90' lang='lat' dir='ltr'><strong>rantur</strong></span> <span class='ocrx_word' id='word_1_281' title='bbox 295 2929 439 2989; x_wconf 89' lang='lat' dir='ltr'><strong>dictiones</strong></span> <span class='ocrx_word' id='word_1_282' title='bbox 458 2932 554 3007; x_wconf 84' lang='lat' dir='ltr'><strong>nolae,</strong></span> <span class='ocrx_word' id='word_1_283' title='bbox 574 2949 650 3004; x_wconf 88' lang='lat' dir='ltr'><strong>quae</strong></span> <span class='ocrx_word' id='word_1_284' title='bbox 670 2930 840 3006; x_wconf 88' lang='lat' dir='ltr'><strong>significant</strong></span> <span class='ocrx_word' id='word_1_285' title='bbox 858 2949 906 2988; x_wconf 91' lang='lat' dir='ltr'><strong>res</strong></span> <span class='ocrx_word' id='word_1_286' title='bbox 925 2929 1015 3004; x_wconf 89' lang='lat' dir='ltr'><strong>ipsas,</strong></span> <span class='ocrx_word' id='word_1_287' title='bbox 1034 2946 1093 2986; x_wconf 91' lang='lat' dir='ltr'><strong>non</strong></span> <span class='ocrx_word' id='word_1_288' title='bbox 1112 2928 1277 2987; x_wconf 86' lang='lat' dir='ltr'><strong>contrarias</strong></span> <span class='ocrx_word' id='word_1_289' title='bbox 1292 2930 1341 2987; x_wconf 86' lang='lat' dir='ltr'><strong>vel</strong></span> 
     </span>
     <span class='ocr_line' id='line_1_32' title="bbox 171 3016 1343 3095; baseline 0 -19"><span class='ocrx_word' id='word_1_290' title='bbox 171 3018 315 3095; x_wconf 88' lang='lat' dir='ltr'><strong>diversas,</strong></span> <span class='ocrx_word' id='word_1_291' title='bbox 335 3038 410 3094; x_wconf 90' lang='lat' dir='ltr'><strong>quae</strong></span> <span class='ocrx_word' id='word_1_292' title='bbox 429 3037 466 3077; x_wconf 81' lang='lat' dir='ltr'><strong>ex</strong></span> <span class='ocrx_word' id='word_1_293' title='bbox 483 3021 573 3077; x_wconf 88' lang='lat' dir='ltr'><strong>rebus</strong></span> <span class='ocrx_word' id='word_1_294' title='bbox 588 3020 669 3095; x_wconf 92' lang='lat' dir='ltr'><strong>apud</strong></span> <span class='ocrx_word' id='word_1_295' title='bbox 686 3039 735 3078; x_wconf 89' lang='lat' dir='ltr'><strong>eos</strong></span> <span class='ocrx_word' id='word_1_296' title='bbox 750 3019 917 3078; x_wconf 84' lang='lat' dir='ltr'><strong>manifestis</strong></span> <span class='ocrx_word' id='word_1_297' title='bbox 932 3020 1076 3076; x_wconf 90' lang='lat' dir='ltr'><strong>constent.</strong></span> <span class='ocrx_word' id='word_1_298' title='bbox 1099 3016 1225 3094; x_wconf 82' lang='lat' dir='ltr'><strong>Sintque</strong></span> <span class='ocrx_word' id='word_1_299' title='bbox 1239 3019 1343 3077; x_wconf 87' lang='lat' dir='ltr'><strong>faciles</strong></span> 
     </span>
     <span class='ocr_line' id='line_1_33' title="bbox 170 3106 1344 3186; baseline 0.001 -22"><span class='ocrx_word' id='word_1_300' title='bbox 170 3107 202 3165; x_wconf 91' lang='grc' dir='ltr'><strong>ιιι</strong></span> <span class='ocrx_word' id='word_1_301' title='bbox 222 3126 367 3186; x_wconf 87' lang='lat' dir='ltr'><strong>sermone,</strong></span> <span class='ocrx_word' id='word_1_302' title='bbox 391 3112 422 3167; x_wconf 93' lang='lat' dir='ltr'><strong>et</strong></span> <span class='ocrx_word' id='word_1_303' title='bbox 444 3107 572 3185; x_wconf 86' lang='lat' dir='ltr'><strong>videtur,</strong></span> <span class='ocrx_word' id='word_1_304' title='bbox 597 3109 678 3184; x_wconf 91' lang='lat' dir='ltr'><strong>quod</strong></span> <span class='ocrx_word' id='word_1_305' title='bbox 697 3109 753 3168; x_wconf 93' lang='lat' dir='ltr'><strong>hoc</strong></span> <span class='ocrx_word' id='word_1_306' title='bbox 777 3110 824 3182; x_wconf 91' lang='lat' dir='ltr'><strong>sit,</strong></span> <span class='ocrx_word' id='word_1_307' title='bbox 848 3109 927 3185; x_wconf 92' lang='lat' dir='ltr'><strong>quod</strong></span> <span class='ocrx_word' id='word_1_308' title='bbox 951 3106 1031 3182; x_wconf 90' lang='lat' dir='ltr'><strong>apud</strong></span> <span class='ocrx_word' id='word_1_309' title='bbox 1050 3106 1167 3166; x_wconf 83' lang='lat' dir='ltr'><strong>Arabes</strong></span> <span class='ocrx_word' id='word_1_310' title='bbox 1193 3108 1344 3183; x_wconf 87' lang='lat' dir='ltr'><strong>elegantia</strong></span> 
     </span>
     <span class='ocr_line' id='line_1_34' title="bbox 171 3197 1342 3273; baseline 0 -19"><span class='ocrx_word' id='word_1_311' title='bbox 171 3197 315 3257; x_wconf 89' lang='lat' dir='ltr'><strong>sermonis</strong></span> <span class='ocrx_word' id='word_1_312' title='bbox 340 3201 475 3259; x_wconf 86' lang='lat' dir='ltr'><strong>vocatur.</strong></span> <span class='ocrx_word' id='word_1_313' title='bbox 518 3218 623 3258; x_wconf 86' lang='lat' dir='ltr'><strong>verum</strong></span> <span class='ocrx_word' id='word_1_314' title='bbox 649 3199 769 3273; x_wconf 91' lang='lat' dir='ltr'><strong>oportet</strong></span> <span class='ocrx_word' id='word_1_315' title='bbox 795 3199 875 3256; x_wconf 89' lang='lat' dir='ltr'><strong>huno</strong></span> <span class='ocrx_word' id='word_1_316' title='bbox 901 3217 1069 3256; x_wconf 86' lang='lat' dir='ltr'><strong>sermonem</strong></span> <span class='ocrx_word' id='word_1_317' title='bbox 1095 3216 1160 3256; x_wconf 89' lang='lat' dir='ltr'><strong>esse</strong></span> <span class='ocrx_word' id='word_1_318' title='bbox 1184 3197 1342 3255; x_wconf 89' lang='lat' dir='ltr'><strong>manifeste</strong></span> 
     </span>
     <span class='ocr_line' id='line_1_35' title="bbox 170 3286 1341 3363; baseline -0.001 -19"><span class='ocrx_word' id='word_1_319' title='bbox 170 3306 275 3345; x_wconf 86' lang='lat' dir='ltr'><strong>verum</strong></span> <span class='ocrx_word' id='word_1_320' title='bbox 291 3289 322 3345; x_wconf 91' lang='lat' dir='ltr'><strong>et</strong></span> <span class='ocrx_word' id='word_1_321' title='bbox 335 3289 502 3362; x_wconf 88' lang='lat' dir='ltr'><strong>vulgatum.</strong></span> <span class='ocrx_word' id='word_1_322' title='bbox 534 3307 604 3345; x_wconf 91' lang='lat' dir='ltr'><strong>nam</strong></span> <span class='ocrx_word' id='word_1_323' title='bbox 614 3288 736 3363; x_wconf 84' lang='lat' dir='ltr'><strong>veritas,</strong></span> <span class='ocrx_word' id='word_1_324' title='bbox 756 3306 845 3362; x_wconf 90' lang='lat' dir='ltr'><strong>quam</strong></span> <span class='ocrx_word' id='word_1_325' title='bbox 860 3290 986 3346; x_wconf 89' lang='lat' dir='ltr'><strong>conatur</strong></span> <span class='ocrx_word' id='word_1_326' title='bbox 1000 3286 1115 3361; x_wconf 87' lang='lat' dir='ltr'><strong>afferre,</strong></span> <span class='ocrx_word' id='word_1_327' title='bbox 1136 3287 1226 3346; x_wconf 92' lang='lat' dir='ltr'><strong>solvit</strong></span> <span class='ocrx_word' id='word_1_328' title='bbox 1239 3304 1341 3361; x_wconf 87' lang='lat' dir='ltr'><strong>pecca·</strong></span> 
     </span>
    </p>

    <p class='ocr_par' dir='ltr' id='par_1_9' title="bbox 117 3374 1343 3524">
     <span class='ocr_line' id='line_1_36' title="bbox 117 3374 1343 3454; baseline -0.002 -18"><span class='ocrx_word' id='word_1_329' title='bbox 117 3389 151 3436; x_wconf 82' lang='lat'><strong>35</strong></span> <span class='ocrx_word' id='word_1_330' title='bbox 170 3378 235 3433; x_wconf 85' lang='lat' dir='ltr'><strong>tum</strong></span> <span class='ocrx_word' id='word_1_331' title='bbox 262 3377 388 3452; x_wconf 83' lang='lat' dir='ltr'><strong>exiguae</strong></span> <span class='ocrx_word' id='word_1_332' title='bbox 414 3377 616 3453; x_wconf 90' lang='lat' dir='ltr'><strong>eloquentiae,</strong></span> <span class='ocrx_word' id='word_1_333' title='bbox 644 3396 734 3453; x_wconf 89' lang='lat' dir='ltr'><strong>quam</strong></span> <span class='ocrx_word' id='word_1_334' title='bbox 758 3377 887 3454; x_wconf 88' lang='lat' dir='ltr'><strong>obtinet,</strong></span> <span class='ocrx_word' id='word_1_335' title='bbox 917 3376 1101 3452; x_wconf 85' lang='lat' dir='ltr'><strong>exiguaeque</strong></span> <span class='ocrx_word' id='word_1_336' title='bbox 1130 3374 1286 3434; x_wconf 87' lang='lat' dir='ltr'><strong>varietatis</strong></span> <span class='ocrx_word' id='word_1_337' title='bbox 1313 3377 1343 3433; x_wconf 88' lang='lat' dir='ltr'><strong>et</strong></span> 
     </span>
     <span class='ocr_line' id='line_1_37' title="bbox 170 3463 356 3524; baseline 0.005 -1"><span class='ocrx_word' id='word_1_338' title='bbox 170 3463 356 3524; x_wconf 91' lang='lat' dir='ltr'><strong>imitationis.</strong></span> 
     </span>
    </p>

    <p class='ocr_par' dir='ltr' id='par_1_10' title="bbox 261 3553 1342 3631">
     <span class='ocr_line' id='line_1_38' title="bbox 261 3553 1342 3631; baseline -0.001 -18"><span class='ocrx_word' id='word_1_339' title='bbox 261 3557 311 3614; x_wconf 87' lang='grc'>76.</span> <span class='ocrx_word' id='word_1_340' title='bbox 330 3554 440 3631; x_wconf 89' lang='lat' dir='ltr'><strong>Inquit.</strong></span> <span class='ocrx_word' id='word_1_341' title='bbox 482 3555 540 3615; x_wconf 80' lang='lat' dir='ltr'><strong>Sex</strong></span> <span class='ocrx_word' id='word_1_342' title='bbox 559 3560 629 3615; x_wconf 88' lang='lat' dir='ltr'><strong>sunt</strong></span> <span class='ocrx_word' id='word_1_343' title='bbox 648 3558 783 3631; x_wconf 86' lang='lat' dir='ltr'><strong>peccata,</strong></span> <span class='ocrx_word' id='word_1_344' title='bbox 805 3573 881 3630; x_wconf 89' lang='lat' dir='ltr'><strong>quae</strong></span> <span class='ocrx_word' id='word_1_345' title='bbox 900 3554 930 3612; x_wconf 92' lang='lat' dir='ltr'><strong>in</strong></span> <span class='ocrx_word' id='word_1_346' title='bbox 949 3556 1087 3631; x_wconf 88' lang='lat' dir='ltr'><strong>poemate</strong></span> <span class='ocrx_word' id='word_1_347' title='bbox 1107 3553 1342 3630; x_wconf 88' lang='lat' dir='ltr'><strong>committuntur,</strong></span> 
     </span>
    </p>
   </div>
   <div class='ocr_carea' id='block_1_5' title="bbox 169 3792 1341 4079">
    <p class='ocr_par' dir='ltr' id='par_1_11' title="bbox 169 3792 1341 4079">
     <span class='ocr_line' id='line_1_39' title="bbox 259 3792 1341 3878; baseline -0.002 -28"><span class='ocrx_word' id='word_1_348' title='bbox 259 3801 275 3850; x_wconf 90' lang='lat'>8</span> <span class='ocrx_word' id='word_1_349' title='bbox 294 3795 327 3849; x_wconf 90' lang='lat' dir='ltr'><strong>ln</strong></span> <span class='ocrx_word' id='word_1_350' title='bbox 340 3796 480 3878; x_wconf 83' lang='lat' dir='ltr'><strong>margine.</strong></span> <span class='ocrx_word' id='word_1_351' title='bbox 496 3796 513 3850; x_wconf 89' lang='lat' dir='ltr'>J</span> <span class='ocrx_word' id='word_1_352' title='bbox 515 3797 593 3852; x_wconf 89' lang='lat' dir='ltr'><strong>acob</strong></span> <span class='ocrx_word' id='word_1_353' title='bbox 604 3796 735 3852; x_wconf 85' lang='lat' dir='ltr'><strong>Averrois</strong></span> <span class='ocrx_word' id='word_1_354' title='bbox 746 3796 817 3866; x_wconf 85' lang='grc'>(777)..</span> <span class='ocrx_word' id='word_1_355' title='bbox 811 3796 904 3850; x_wconf 86' lang='lat' dir='ltr'><strong>·Arist</strong></span> <span class='ocrx_word' id='word_1_356' title='bbox 906 3795 1004 3859; x_wconf 86' lang='lat' dir='ltr'><strong>oteles)</strong></span> <span class='ocrx_word' id='word_1_357' title='bbox 1015 3792 1086 3848; x_wconf 86' lang='lat' dir='ltr'><strong>dmrt</strong></span> <span class='ocrx_word' id='word_1_358' title='bbox 1094 3795 1142 3849; x_wconf 90' lang='lat' dir='ltr'><strong>h1o</strong></span> <span class='ocrx_word' id='word_1_359' title='bbox 1155 3799 1267 3864; x_wconf 87' lang='lat' dir='ltr'><strong>praeter</strong></span> <span class='ocrx_word' id='word_1_360' title='bbox 1280 3797 1341 3849; x_wconf 84' lang='lat' dir='ltr'><strong>har·</strong></span> 
     </span>
     <span class='ocr_line' id='line_1_40' title="bbox 170 3865 1341 3939; baseline -0.002 -19"><span class='ocrx_word' id='word_1_361' title='bbox 170 3867 293 3921; x_wconf 88' lang='lat' dir='ltr'><strong>moniam</strong></span> <span class='ocrx_word' id='word_1_362' title='bbox 317 3867 403 3922; x_wconf 81' lang='lat' dir='ltr'><strong>etiam</strong></span> <span class='ocrx_word' id='word_1_363' title='bbox 423 3868 496 3936; x_wconf 77' lang='lat' dir='ltr'><strong>(libr</strong></span> <span class='ocrx_word' id='word_1_364' title='bbox 523 3870 562 3939; x_wconf 90' lang='lat' dir='ltr'><strong>et)</strong></span> <span class='ocrx_word' id='word_1_365' title='bbox 582 3870 749 3938; x_wconf 85' lang='lat' dir='ltr'><strong>apparatum</strong></span> <span class='ocrx_word' id='word_1_366' title='bbox 768 3869 865 3921; x_wconf 89' lang='lat' dir='ltr'><strong>contra</strong></span> <span class='ocrx_word' id='word_1_367' title='bbox 890 3883 938 3920; x_wconf 90' lang='lat' dir='ltr'><strong>sen</strong></span> <span class='ocrx_word' id='word_1_368' title='bbox 939 3865 1058 3919; x_wconf 81' lang='lat' dir='ltr'><strong>tentiam</strong></span> <span class='ocrx_word' id='word_1_369' title='bbox 1080 3866 1240 3922; x_wconf 87' lang='lat' dir='ltr'><strong>Aristotelis</strong></span> <span class='ocrx_word' id='word_1_370' title='bbox 1266 3866 1341 3936; x_wconf 90' lang='lat' dir='ltr'><strong>(lib.·</strong></span> 
     </span>
     <span class='ocr_line' id='line_1_41' title="bbox 169 3936 1341 4008; baseline 0.001 -17"><span class='ocrx_word' id='word_1_371' title='bbox 169 3939 321 4008; x_wconf 86' lang='lat' dir='ltr'><strong>Averrois)</strong></span> <span class='ocrx_word' id='word_1_372' title='bbox 394 3941 468 3995; x_wconf 77' lang='lat' dir='ltr'><strong>asi.</strong></span> <span class='ocrx_word' id='word_1_373' title='bbox 487 3959 537 3994; x_wconf 92' lang='lat' dir='ltr'><strong>m.·</strong></span> <span class='ocrx_word' id='word_1_374' title='bbox 560 3938 656 3994; x_wconf 88' lang='lat' dir='ltr'><strong>Jacob.</strong></span> <span class='ocrx_word' id='word_1_375' title='bbox 676 3941 770 3993; x_wconf 91' lang='lat' dir='ltr'><strong>Non</strong></span> <span class='ocrx_word' id='word_1_376' title='bbox 764 3939 857 3993; x_wconf 76' lang='lat' dir='ltr'><strong>inveni</strong></span> <span class='ocrx_word' id='word_1_377' title='bbox 875 3937 904 3990; x_wconf 91' lang='lat' dir='ltr'><strong>in</strong></span> <span class='ocrx_word' id='word_1_378' title='bbox 923 3936 1075 3992; x_wconf 87' lang='lat' dir='ltr'><strong>Aristotele</strong></span> <span class='ocrx_word' id='word_1_379' title='bbox 1093 3938 1155 4007; x_wconf 88' lang='lat' dir='ltr'><strong>hoc,</strong></span> <span class='ocrx_word' id='word_1_380' title='bbox 1180 3939 1252 4005; x_wconf 91' lang='lat' dir='ltr'><strong>quod</strong></span> <span class='ocrx_word' id='word_1_381' title='bbox 1272 3937 1341 3992; x_wconf 88' lang='lat' dir='ltr'><strong>dicit</strong></span> 
     </span>
     <span class='ocr_line' id='line_1_42' title="bbox 170 4007 962 4079; baseline 0 -17"><span class='ocrx_word' id='word_1_382' title='bbox 170 4010 309 4065; x_wconf 87' lang='lat' dir='ltr'><strong>Averrois.</strong></span> <span class='ocrx_word' id='word_1_383' title='bbox 364 4011 437 4065; x_wconf 88' lang='grc'>371.</span> <span class='ocrx_word' id='word_1_384' title='bbox 456 4029 504 4065; x_wconf 90' lang='lat' dir='ltr'><strong>m.:</strong></span> <span class='ocrx_word' id='word_1_385' title='bbox 524 4010 565 4065; x_wconf 88' lang='lat' dir='ltr'><strong>De</strong></span> <span class='ocrx_word' id='word_1_386' title='bbox 584 4009 736 4079; x_wconf 87' lang='lat' dir='ltr'><strong>peccatis</strong></span> <span class='ocrx_word' id='word_1_387' title='bbox 728 4028 758 4062; x_wconf 90' lang='lat' dir='ltr'><strong>m</strong></span> <span class='ocrx_word' id='word_1_388' title='bbox 777 4007 962 4078; x_wconf 87' lang='lat' dir='ltr'><strong>poematibus.</strong></span> 
     </span>
    </p>
   </div>
   <div class='ocr_carea' id='block_1_6' title="bbox 171 4222 1340 4437">
    <p class='ocr_par' dir='ltr' id='par_1_12' title="bbox 171 4222 1340 4437">
     <span class='ocr_line' id='line_1_43' title="bbox 259 4222 1340 4294; baseline -0.001 -15"><span class='ocrx_word' id='word_1_389' title='bbox 259 4222 693 4294; x_wconf 76' lang='lat' dir='ltr'><strong>4:59b10.7.(lsb17).</strong></span> <span class='ocrx_word' id='word_1_390' title='bbox 788 4225 1001 4278; x_wconf 74' lang='lat'>92-595712</span> <span class='ocrx_word' id='word_1_391' title='bbox 1093 4222 1340 4280; x_wconf 71' lang='lat' dir='ltr'><strong>lassescas</strong></span> 
     </span>
     <span class='ocr_line' id='line_1_44' title="bbox 172 4295 1340 4376; baseline 0 -27"><span class='ocrx_word' id='word_1_392' title='bbox 172 4303 221 4350; x_wconf 89' lang='lat'><strong>13:</strong></span> <span class='ocrx_word' id='word_1_393' title='bbox 233 4298 425 4353; x_wconf 76' lang='lat' dir='ltr'><strong>esaar—br.</strong></span> <span class='ocrx_word' id='word_1_394' title='bbox 471 4303 520 4350; x_wconf 84' lang='grc' dir='ltr'><strong>ιι.</strong></span> <span class='ocrx_word' id='word_1_395' title='bbox 533 4300 718 4362; x_wconf 75' lang='lat' dir='ltr'><strong>sasso-ar,</strong></span> <span class='ocrx_word' id='word_1_396' title='bbox 738 4295 881 4362; x_wconf 72' lang='lat' dir='ltr'><strong>bra-173</strong></span> <span class='ocrx_word' id='word_1_397' title='bbox 901 4299 1067 4376; x_wconf 75' lang='lat' dir='ltr'><strong>coac-11.</strong></span> <span class='ocrx_word' id='word_1_398' title='bbox 1109 4299 1160 4347; x_wconf 81' lang='lat' dir='ltr'><strong>aa.</strong></span> <span class='ocrx_word' id='word_1_399' title='bbox 1172 4300 1340 4349; x_wconf 74' lang='lat' dir='ltr'><strong>sous-11.</strong></span> 
     </span>
     <span class='ocr_line' id='line_1_45' title="bbox 171 4365 728 4437; baseline 0 -16"><span class='ocrx_word' id='word_1_400' title='bbox 171 4369 365 4436; x_wconf 80' lang='lat' dir='ltr'><strong>aa:(59531;</strong></span> <span class='ocrx_word' id='word_1_401' title='bbox 386 4370 493 4437; x_wconf 80' lang='lat'>5053).</span> <span class='ocrx_word' id='word_1_402' title='bbox 568 4338 728 4422; x_wconf 60' lang='lat' dir='ltr'><strong>amachi</strong></span> 
     </span>
    </p>
   </div>
   <div class='ocr_carea' id='block_1_7' title="bbox 0 0 1478 4944">
    <p class='ocr_par' dir='ltr' id='par_1_13' title="bbox 0 0 1478 4944">
     <span class='ocr_line' id='line_1_46' title="bbox 0 0 1478 4944; baseline 0 2"><span class='ocrx_word' id='word_1_403' title='bbox 0 0 1478 4944; x_wconf 95' lang='lat' dir='ltr'><strong> </strong></span> 
     </span>
    </p>
   </div>
  </div>
 </body>
</html>
