2946 4944
198 973 279 1042 Quae
299 992 335 1030 ex
353 972 489 1031 Arabum
507 973 593 1031 libris
612 972 650 1030 ad
671 973 825 1031 meliorem
846 974 928 1031 Artis
948 973 1087 1032 Poeticae
1107 973 1280 1034 Aristotelis

109 1062 346 1138 intellegentiam
365 1062 403 1120 ab
422 1062 591 1120 bominibus
610 1061 706 1120 doctis
721 1062 772 1136 ¹his
792 1063 911 1120 demum
929 1062 1015 1120 annis
1035 1062 1128 1121 allata
1148 1067 1225 1140 sunt,
1245 1083 1280 1121 ea

108 1155 161 1209 aut
179 1155 240 1209 tam
261 1152 369 1226 exigua
388 1154 459 1208 sunt
477 1154 530 1209 aut
545 1150 679 1208 Arabum
697 1151 819 1226 linguae
837 1151 950 1226 ignaris
970 1155 1032 1209 tam
1053 1170 1111 1210 non
1132 1152 1227 1227 utilia,
1246 1155 1281 1210 ut

108 1241 188 1298 haud
207 1241 309 1315 paucis
329 1258 377 1296 me
395 1243 515 1315 gratum
534 1239 633 1299 faeere
650 1239 793 1298 confidam
813 1241 892 1314 quod
912 1259 1001 1315 quam
1020 1239 1109 1299 Iacob
1127 1241 1280 1299 Martinus

107 1329 264 1388 Hebraeus
279 1329 355 1406 feeit
360 1328 499 1387 Latinam
509 1327 651 1388 Arerrois
666 1329 882 1403 paraphraseos
895 1329 1172 1404 interpretationem
1183 1332 1279 1388 totam

107 1418 316 1493 integramque
335 1418 445 1476 iterum
464 1419 526 1477 edo.

198 1508 290 1564 Extat
309 1509 410 1564 antem
429 1507 637 1582 interpretatio
655 1507 709 1564 illa
723 1507 754 1564 in
769 1507 846 1565 libre
861 1507 1013 1565 rarissimo
1028 1507 1080 1582 qui
1094 1508 1281 1566 inscribitur:

109 1589 296 1653 ‘Aristotelis
312 1596 348 1654 de
362 1596 511 1654 rhetorica
530 1600 561 1653 et
574 1596 690 1670 poetica
709 1596 781 1652 libri
800 1615 865 1653 enm
881 1596 1023 1655 Averrois
1039 1596 1068 1654 in
1089 1597 1208 1655 eosdem
1226 1616 1281 1671 pa-

108 1684 310 1760 raphrasibus.
339 1684 474 1743 Venetiie
490 1685 570 1759 apud
584 1684 704 1743 [unctas
720 1677 889 1742 MDLXHR
924 1684 1010 1754 Quod
1025 1686 1164 1745 volumen
1180 1704 1282 1744 seeun-

109 1773 180 1830 dum
200 1777 245 1832 est
264 1773 402 1833 editionis
416 1773 556 1831 Iustinae
576 1791 677 1831 omnes
693 1773 866 1832 Aristotelis
886 1773 977 1832 libros
995 1792 1062 1832 cnm
1076 1773 1186 1834 Arabis
1200 1775 1281 1833 illius

108 1863 342 1937 paraphrasibus
363 1863 551 1921 continentis

197 1951 411 2026 Interpretatio
439 1949 601 2025 singularis
630 1954 676 2009 est
704 1951 861 2026 diligentia
889 1953 920 2010 et
947 1951 1116 2010 subtilitate
1141 1951 1281 2025 auctoris,

109 2041 218 2114 quippe
242 2036 328 2113 quem
353 2042 387 2097 ut
405 2058 510 2098 verum
529 2041 687 2115 praeberet
705 2038 870 2099 Averroem
889 2040 981 2099 etiam
1004 2040 1165 2100 lectionum
1187 2041 1282 2099 varie·
1325 2077 1327 2079 -

109 2131 202 2186 tatem
226 2129 390 2203 respexisse
414 2147 449 2185 ex
473 2130 552 2187 notis
571 2129 603 2186 in
621 2129 757 2204 margine
776 2130 894 2204 scriptis
913 2133 1065 2205 appareat.
1103 2128 1168 2199 (luo
1187 2129 1282 2189 maior

110 2236 128 2274 a
146 2217 230 2276 nobis
250 2217 409 2293 interpreti
427 2217 501 2276 fides
519 2217 656 2276 habenda
675 2221 731 2276 est.

198 2306 285 2364 Hunc
299 2306 393 2382 igitur
406 2307 516 2364 librum
525 2307 571 2365 ita
585 2307 730 2365 edendum
741 2306 842 2366 censui
852 2309 888 2364 ut
898 2311 928 2366 et
940 2309 1086 2383 siglorum
1101 2327 1178 2384 quae
1193 2327 1282 2384 quam

108 2394 238 2470 plurima
256 2397 359 2453 insunt
373 2397 555 2454 obscuritate
570 2401 685 2455 remota
704 2397 832 2455 usitatas
852 2416 954 2456 omnes
973 2398 1091 2456 litteras
1113 2395 1282 2455 exhiberem

109 2486 140 2543 et
159 2484 379 2543 distinctionem
398 2486 475 2558 huic,
499 2503 575 2561 quae
599 2484 686 2543 hodie
708 2485 741 2542 in
760 2503 816 2543 usu
840 2489 894 2561 est,
919 2486 1095 2545 similiorem
1118 2486 1282 2545 redderem.

198 2573 282 2631 Intra
291 2573 444 2649 adscripsi,
454 2593 528 2648 quos
539 2573 713 2632 Aristotelis
726 2573 863 2632 Poeticae
873 2576 953 2635 locos
963 2574 1104 2634 Averrois
1116 2576 1282 2649 respexisse

108 2663 242 2738 videtur,
261 2663 344 2721 uncis
364 2662 480 2738 inclusi,
499 2682 572 2738 quos
591 2681 697 2737 parum
716 2666 770 2720 aut
788 2664 906 2722 omnino
925 2683 984 2722 non
1002 2664 1158 2722 intellexit.
1200 2663 1283 2722 Com-

109 2752 209 2826 pendii
235 2749 324 2810 causa
349 2752 464 2826 priores
487 2762 627 2810 numeros
647 2752 748 2810 omisi:
777 2754 878 2811 aras
905 2754 998 2828 igitur
1023 2753 1102 2810 idem
1128 2756 1175 2811 est
1204 2752 1282 2827 quod

112 2842 222 2899 1447a
236 2843 263 2898 8.
311 2839 369 2910 Qui
392 2843 494 2899 autem
512 2841 570 2899 loci
588 2841 654 2915 ipsa
672 2839 845 2899 Aristotelis
865 2843 957 2901 verba
976 2842 1099 2901 reddere
1118 2844 1172 2899 aut
1190 2859 1282 2915 prope

109 2929 147 2985 ad
172 2929 235 2986 eius
259 2930 438 2987 sententiam
463 2930 602 2988 accedere
625 2929 777 3006 videntur,
805 2929 835 2988 in
859 2934 963 2989 nostra
985 2951 1056 2991 vero
1080 2929 1202 2989 Poetiea
1224 2948 1283 2988 non

110 3017 312 3092 inveniuntur,
331 3019 408 3077 huno
427 3021 458 3076 in
476 3019 596 3078 modum
615 3019 729 3078 notavi:
752 3018 818 3076 -l
856 3019 1041 3096 Quamquam
1061 3020 1137 3077 hano
1153 3038 1217 3077 rem
1231 3019 1282 3076 ab-

112 3106 228 3164 solvere
247 3126 299 3163 nec
318 3107 399 3165 volui
419 3126 473 3166 nec
490 3107 588 3183 potui:
608 3108 710 3166 multis
731 3109 809 3165 enim
828 3108 860 3164 in
877 3108 950 3167 locis
969 3109 1065 3167 multa
1079 3107 1283 3182 disputatione

111 3213 186 3269 opus
207 3197 261 3268 est,
281 3197 323 3270 ut,
344 3198 444 3253 utrum
462 3195 620 3255 Aristoteli
639 3215 678 3253 an
693 3196 821 3256 Averroi
837 3197 988 3255 tribuendi
1006 3197 1075 3270 sint,
1095 3197 1283 3273 diiudicetur,

111 3288 141 3341 et
157 3284 207 3359 qui
221 3283 286 3356 loci,
302 3283 326 3341 si
343 3283 474 3343 universi
487 3288 670 3360 spectantur,
688 3285 846 3361 quadrant,
866 3286 1028 3344 eorundem
1044 3304 1132 3360 saepe
1146 3286 1283 3360 singulae

111 3377 214 3448 partes
233 3375 270 3431 ab
285 3372 457 3431 Aristotelis
479 3373 627 3432 sententia
645 3375 764 3448 longius
782 3375 905 3448 propius
924 3376 1074 3434 recedunt.
1091 3405 1131 3415 -
1147 3373 1190 3432 Ut
1203 3374 1284 3449 frag-

110 3465 211 3520 menta
230 3462 412 3521 commodius
432 3461 569 3538 nitentur,
588 3481 726 3521 numeros
745 3463 855 3522 addidi.

201 3585 374 3664 strasburg,
393 3587 632 3662 Westpreussen.
978 3556 1216 3646 Heidenhain.
