2946 4944
154 189 220 254 362
560 191 716 245 Fridericus
735 189 923 245 Heidenhain:

154 379 207 434 per
221 365 399 434 apparatum
415 360 618 434 spectaculum
633 378 686 418 seu
700 359 936 436 assumptionem
952 354 1078 419 rationis
1093 379 1147 434 pro
1160 359 1325 418 sententiae

154 448 364 508 commoditate
383 453 436 507 aut
455 449 578 508 aetionis
598 450 760 525 commodo,
784 469 844 509 non
863 450 965 507 eutem
985 466 1122 508 sermone
1143 449 1325 524 persuasivo.

155 539 209 596 hoe
233 538 312 617 enim
330 538 491 598 condecet
511 539 542 596 in
560 539 615 597 hae
635 539 709 613 arte,
729 539 780 597 sed
800 551 937 597 sermone
958 538 1082 598 conficto
1102 540 1132 596 et
1150 537 1326 598 imitatorio:

153 627 295 701 quoniam
313 645 362 685 ars
380 628 497 704 poetica
515 647 573 686 non
594 630 639 686 est
663 626 824 686 adinventa
844 627 882 685 ad
901 646 988 685 usum
1008 627 1276 703 argumentationis
1295 630 1325 686 et

117 727 132 772 o
154 716 365 791 disputationis
385 720 415 775 et
432 716 610 792 praesertim
628 717 695 792 ipsa
714 716 889 791 Tragoedia.
937 719 968 775 et
986 716 1053 775 ideo
1078 716 1246 792 Tragoedia
1265 735 1325 774 non

152 804 248 863 utitur
271 805 514 880 pronunciatione
538 809 569 864 et
591 808 681 881 gestu
713 808 803 880 atque
832 806 933 864 vultus
962 805 1099 879 nutibus,
1128 806 1206 864 sicut
1229 805 1324 864 utitur

151 893 217 968 ipsa
236 894 402 954 Rhetorica.
995 965 998 969 g

243 985 293 1042 18.
302 982 412 1059 Inquit.
435 981 495 1042 Ars
506 982 659 1062 Theorica,
674 1002 749 1060 quae
760 983 855 1058 docet,
865 1002 900 1041 ex
912 983 1089 1060 quibusnam
1102 983 1176 1042 fiant
1185 982 1325 1057 carmina,

152 1072 184 1130 et
210 1090 268 1147 quo
291 1076 378 1146 paeto
405 1072 486 1147 fiant,
512 1073 713 1148 praestantior
738 1073 856 1148 quidem
880 1091 913 1132 ac
935 1072 1127 1147 principalior
1151 1076 1206 1145 est,
1235 1091 1325 1148 quam

101 1170 133 1218 10
156 1161 195 1218 sit
213 1160 342 1236 ipsamet
365 1163 497 1221 carmina
520 1161 671 1222 conficere.
716 1163 855 1238 quoniam
879 1161 1031 1238 quaelibet
1053 1180 1111 1236 ars,
1138 1180 1214 1237 quae
1239 1161 1325 1220 docet

154 1252 312 1323 actionem,
325 1251 529 1326 praestantior
544 1254 575 1310 et
589 1251 781 1326 principalior
795 1255 850 1327 est,
867 1270 956 1326 quam
971 1269 1049 1328 quae
1063 1251 1118 1309 sub
1133 1251 1187 1310 illa
1199 1240 1324 1312 locatur.

317 1393 367 1453 De
385 1394 551 1468 partibus
571 1392 795 1468 Tragoediae
815 1393 994 1467 qualibus.
1040 1392 1111 1469 Cap.
1132 1394 1161 1454 5.

246 1519 295 1577 19.
317 1516 392 1577 Cum
411 1517 505 1593 igitur
523 1518 584 1576 iam
603 1517 715 1576 dictum
729 1517 778 1594 sit,
797 1516 868 1593 quid
888 1517 927 1575 sit
942 1517 1109 1593 Tragoedia
1124 1521 1205 1576 etex
1220 1517 1328 1594 quibus

155 1609 351 1680 componatur
374 1610 405 1666 et
427 1610 501 1683 quot
524 1607 585 1666 sint
608 1607 672 1666 eius
695 1609 796 1682 partes
821 1609 851 1664 et
874 1625 949 1681 quae
975 1606 1043 1683 sint,
1067 1626 1145 1666 nunc
1170 1607 1206 1666 de
1229 1607 1327 1680 rebus,

103 1706 134 1753 15
156 1695 263 1770 quibus
282 1696 317 1754 fit
335 1699 490 1755 contextus
510 1716 620 1774 rerum,
644 1697 753 1772 quibus
778 1714 896 1754 carmen
920 1695 1064 1769 consistit,
1090 1696 1248 1755 dicendum
1273 1697 1328 1756 est.

154 1803 224 1842 nam
248 1787 380 1844 tractare
405 1787 440 1843 de
466 1786 513 1845 bis
537 1786 627 1844 rebus
654 1789 700 1844 est
723 1784 923 1844 necessarium
943 1786 974 1843 in
994 1784 1162 1861 Tragoedia
1186 1788 1275 1860 atque
1298 1787 1329 1843 in

155 1873 223 1932 aliis
246 1874 404 1950 generibus
425 1875 535 1934 Poesis.
582 1876 637 1934 boe
661 1875 740 1934 enim
759 1877 806 1934 est
829 1874 925 1933 veluti
947 1867 1075 1949 primum
1105 1874 1327 1949 maximumque

155 1963 331 2037 principium
347 1964 417 2023 eius.
448 1963 593 2034 Quoniam
608 1983 666 2040 res,
681 1964 790 2040 quibus
804 1963 888 2039 ipsae
904 1967 984 2023 artes
1000 1963 1173 2037 consistunt,
1189 1962 1326 2022 bifariam

155 2051 342 2111 dividuntur:
361 2073 467 2129 nempe
487 2054 535 2113 vel
553 2054 624 2111 sunt
642 2073 690 2111 res
709 2053 894 2113 necessariae
913 2053 962 2112 vel
980 2073 1028 2112 res
1049 2054 1156 2130 quibus
1176 2054 1328 2127 praestan·

102 2151 135 2198 20
156 2141 248 2200 tiores
272 2160 306 2199 ac
328 2142 520 2216 perfectiores
545 2143 716 2201 reddantur.
767 2141 934 2201 Dicendum
964 2161 1035 2217 ergo
1060 2145 1106 2202 est
1131 2141 1329 2217 Tragoediam

156 2229 264 2288 debere
283 2229 426 2305 perficere
444 2232 534 2289 finem
553 2230 678 2291 actionis
699 2249 780 2307 suae,
799 2229 938 2290 videlicet
957 2233 992 2289 ut
1012 2250 1048 2289 ex
1067 2231 1132 2306 ipsa
1152 2230 1328 2307 imitatione,

155 2337 223 2377 cum
246 2322 425 2394 assequatur
448 2320 545 2393 finem,
571 2340 660 2395 quem
684 2338 720 2378 ex
744 2323 851 2379 natura
874 2338 928 2378 sua
951 2324 1104 2394 praestare
1128 2322 1236 2394 potest.
1273 2320 1328 2378 hoc

154 2411 255 2466 autem
270 2412 393 2484 propter
407 2410 505 2469 varias
520 2429 567 2469 res
582 2409 625 2468 fit.
659 2429 784 2485 quarum
800 2428 859 2467 una
869 2412 923 2482 est,
939 2411 974 2466 ut
985 2427 1102 2467 carmen
1113 2408 1224 2467 habeat
1234 2427 1328 2482 quan·

155 2497 221 2554 dam
242 2497 473 2558 determinatam
487 2499 734 2574 magnitudinem,
754 2517 812 2573 qua
832 2499 871 2557 eit
890 2500 987 2557 totum
1006 2498 1179 2573 perfectum.
1217 2496 1328 2555 Totum

103 2595 137 2644 25
156 2589 257 2644 autem
272 2589 302 2645 et
320 2588 487 2662 perfectum
507 2591 552 2648 est
570 2589 609 2664 id,
629 2589 707 2663 quod
722 2588 814 2647 babet
827 2587 1014 2662 principium,
1024 2584 1163 2645 'medium
1182 2589 1213 2644 et
1230 2586 1328 2644 finem.

156 2672 338 2750 Principium
353 2680 453 2735 autem
469 2680 515 2736 est
525 2677 604 2752 qnod
613 2677 775 2754 praecedit,
790 2679 821 2735 et
835 2695 894 2735 non
904 2680 951 2735 est
960 2694 1080 2736 necesse
1090 2676 1189 2750 ipsum
1203 2675 1329 2751 reperiri

88 2838 90 2843 Α
155 2783 222 2823 cum
241 2765 340 2838 rebus,
360 2765 467 2840 quibus
487 2769 534 2825 est
552 2766 740 2841 principium.
776 2765 858 2825 Finis
877 2784 956 2837 vero,
977 2765 1029 2840 qui
1044 2766 1091 2824 est
1105 2767 1174 2840 post
1187 2764 1254 2822 illas
1270 2783 1326 2837 res,

155 2853 263 2928 quibus
283 2854 347 2930 ipse
367 2857 413 2913 est
431 2854 507 2931 finis,
531 2858 562 2914 et
580 2875 640 2914 non
664 2856 758 2930 prius.
794 2855 925 2913 Medium
948 2873 1018 2913 vero
1043 2854 1152 2928 estid,
1176 2853 1256 2928 quod
1280 2856 1326 2911 est

155 2942 237 3016 prius
257 2945 287 3002 et
305 2944 454 3019 posterius
473 2948 504 3004 et
522 2945 620 3005 simul.
657 2947 704 3004 est
723 2963 794 3020 ergo
817 2942 1019 3019 praestantius
1039 2947 1166 3019 utroque
1183 2944 1325 3018 extremo,

102 3041 136 3089 30
157 3050 224 3090 cum
242 3032 341 3107 ipsum
360 3033 491 3092 medium
510 3033 599 3093 sitin
618 3035 682 3093 loeo
705 3034 798 3109 priori
822 3036 853 3093 et
870 3033 1038 3109 posteriori.
1075 3031 1143 3090 Viri
1166 3031 1243 3090 enim
1267 3032 1327 3091 for·

155 3120 283 3181 titudine
306 3123 436 3199 praediti
459 3124 557 3183 locum
581 3124 611 3181 in
635 3123 698 3182 acie
725 3123 868 3197 obtinent,
893 3123 944 3198 qui
967 3122 1045 3180 inter
1068 3121 1274 3197 pusillanimes
1298 3123 1328 3180 et

155 3211 331 3271 temerarios
350 3213 470 3272 mediat.
506 3215 553 3272 est
567 3216 669 3271 autem
683 3214 766 3272 locus
781 3212 905 3285 medius,
925 3211 977 3287 qui
992 3230 1027 3270 ex
1041 3210 1182 3270 extremis
1197 3211 1326 3269 constat:

156 3302 289 3359 extrema
307 3320 378 3360 vero
398 3321 434 3360 ex
452 3321 487 3361 ea
505 3321 565 3361 non
583 3305 730 3361 constant.
767 3302 815 3360 Ad
834 3302 907 3361 haec
926 3320 985 3359 non
1004 3303 1050 3359 est
1064 3299 1273 3372 necessarium,
1293 3300 1327 3355 ut

155 3389 254 3463 ipsum
271 3391 402 3449 medium
417 3392 457 3450 sit
470 3392 603 3467 aequale,
623 3391 736 3451 scilicet
751 3394 784 3449 ut
799 3391 944 3467 optimam
958 3391 1068 3449 habeat
1083 3385 1326 3463 compositionem

102 3487 135 3534 35
155 3480 246 3552 atque
270 3478 403 3538 ordinem
427 3483 558 3555 tantum,
586 3500 693 3540 verum
722 3481 812 3539 etiam
840 3482 1053 3556 congruentem
1082 3475 1327 3552 magnitudinem.

157 3565 284 3641 Oportet
303 3587 373 3644 ergo
392 3568 492 3644 ipsum
503 3589 631 3629 carmen
650 3569 761 3629 babere
779 3568 968 3646 principium,
990 3567 1120 3627 medium
1139 3568 1170 3624 et
1189 3564 1278 3623 finem
1297 3567 1327 3623 et

156 3659 190 3714 ut
209 3675 405 3732 unaquaeque
430 3659 536 3717 harum
556 3660 689 3734 partium
715 3659 756 3718 sit
780 3657 987 3734 magnitudine
1010 3655 1121 3714 media:
1149 3656 1327 3729 oportetque

156 3748 252 3804 totum
271 3746 468 3822 compositum
487 3767 523 3806 ex
541 3747 583 3806 eis
603 3767 668 3807 esse
687 3747 902 3823 magnitudinis
916 3745 1102 3816 terminatae,
1122 3762 1181 3802 non
1196 3743 1326 3803 cuiusvis

157 3835 372 3910 magnitudinis
395 3835 561 3913 contigerit.
603 3837 681 3895 Nam
704 3836 895 3912 pulchritudo
919 3833 1074 3908 compositi
1101 3826 1168 3912 (seu
1193 3823 1325 3910 bonitas)
1351 3893 1355 3900 ,

101 3931 136 3980 40
157 3942 192 3981 ex
207 3925 322 3985 duobus
338 3924 459 4001 quidem
474 3926 578 4002 oritur,
597 3924 726 3985 alterum
741 3928 788 3985 est
801 3926 865 4001 ipse
880 3924 964 3983 ordo:
984 3922 1112 3982 alterum
1127 3941 1197 3982 vero
1212 3919 1326 3995 magni-

246 4063 281 4148 1ss
298 4093 384 4148 liber:
405 4095 556 4150 contestus.

244 4199 366 4291 ιιι-ἶ
398 4243 477 4292 8,-
495 4243 508 4290 r
526 4237 560 4292 cf.
580 4237 645 4290 nes.
665 4237 687 4302 1,
706 4243 735 4302 2,
756 4236 830 4289 cere
848 4242 863 4288 4
881 4235 911 4287 et
925 4234 1023 4288 sensu
1039 4234 1065 4286 u.
1081 4234 1098 4286 1.
1142 4238 1174 4287 13
1191 4253 1196 4284 :
1212 4232 1270 4286 soe
1284 4238 1326 4287 21.

158 4313 283 4361 181‘2-‘2
357 4315 484 4363 20:-?
557 4308 815 4362 metebat-ac.
888 4310 1087 4359 29-35:-?
1124 4303 1326 4357 Locusclaris-

47 4406 49 4409 ·
156 4378 242 4436 aimus
262 4380 294 4433 de
314 4379 408 4434 media
426 4383 507 4451 parte
527 4379 734 4434 conformanda.
808 4378 937 4432 38:501>
951 4382 1020 4459 36.Ὶ
