2946 4944
187 154 253 219 374
591 151 749 208 Fridcricus
767 150 957 207 Heidenbain:

188 324 322 402 dicentis,
342 343 418 399 quae
438 323 601 382 ostendunt
619 323 709 396 atque
728 320 880 381 affirmant
894 341 938 401 ea,
958 341 1034 398 quae
1047 323 1102 382 has
1116 323 1359 398 perturbationes

188 414 326 488 afferunt,
353 416 383 471 et
410 413 488 488 quod
514 411 587 470 haec
611 411 749 471 eveniant
773 412 809 469 ad
835 414 975 471 eventum
999 431 1109 489 rerum,
1135 431 1211 488 quae
1238 412 1360 472 abillis

189 503 369 575 afficiuntur,
393 500 601 576 efficiaturque
625 502 716 575 atque
740 502 947 579 perturbetur,
971 502 1081 578 quiea
1106 501 1221 576 aspicit,
1258 502 1359 560 huius·

189 592 302 651 cemodi
327 610 397 650 vero
420 589 536 666 figurae
560 593 591 648 01
613 593 733 666 gestus,
765 590 790 647 si
813 590 888 648 fiant
907 590 937 649 in
961 591 1078 668 fabula,
1108 591 1218 649 debent
1241 591 1362 666 quidem

154 691 169 738 5
189 681 255 739 fieri
274 699 339 740 oum
360 680 546 739 sermonibus
565 679 764 738 afficientibus
782 678 917 756 poeticis,
941 683 972 738 et
993 681 1049 739 hoc
1069 680 1132 740 sive
1153 681 1360 756 exaggerando

191 771 252 831 sive
272 770 461 828 diminuendo
480 770 529 829 vel
552 789 605 844 per
629 768 730 843 aliqua
753 768 939 827 miserabilia
962 769 1010 828 vel
1033 768 1172 846 terrifica,
1197 788 1264 828 cum
1288 771 1361 828 11000

190 861 229 918 ad
250 852 352 918 'artem
376 857 588 918 Histrionicam
618 860 649 916 et
672 856 830 934 Tragicam
857 858 1018 932 attineant,
1047 861 1081 917 ut
1109 859 1145 917 de
1175 860 1361 919 sermonibus

191 949 336 1008 effectivis
354 949 414 1006 iam
434 947 546 1006 dictum
566 949 620 1006 est.
657 947 869 1005 Fiunttamen
887 947 960 1006 haec
978 948 1010 1005 in
1029 949 1216 1007 sermonibus
1231 948 1361 1008 afficien-

191 1040 281 1114 tibus,
305 1037 433 1113 quinon
458 1040 528 1096 sunt
545 1037 618 1112 veri,
643 1037 700 1094 boc
718 1038 765 1094 est
784 1037 862 1111 quod
882 1055 942 1096 non
965 1040 1035 1096 sunt
1057 1037 1235 1096 manifestae
1260 1038 1362 1097 simili-

139 1139 172 1187 10
191 1127 313 1187 tudinis.
350 1126 495 1196 Quoniam
515 1126 567 1201 qui
586 1129 657 1184 sunt
670 1125 848 1184 manifestae
864 1126 1069 1185 similitudinis
1084 1129 1115 1185 et
1129 1128 1363 1203 correspondent

192 1216 344 1292 proposito
365 1220 395 1274 01
414 1219 484 1275 0001
503 1216 574 1292 veri,
593 1234 653 1274 non
670 1214 808 1290 indigent
825 1214 873 1273 his
886 1214 976 1274 rebus
992 1216 1202 1275 exterioribus:
1223 1216 1362 1292 quoniam

190 1310 262 1363 tunc
287 1298 387 1364 essent
414 1305 514 1380 potius
540 1303 726 1362 adscribendi
752 1303 902 1379 vituperio
928 1307 960 1362 et
985 1305 1166 1382 dementiae,
1192 1325 1259 1364 cum
1289 1307 1362 1366 haec

192 1395 267 1452 fiant
285 1413 350 1453 cum
371 1394 417 1453 bis
441 1393 636 1466 sermonibus,
656 1392 764 1469 quibus
783 1396 935 1468 nequeunt
953 1396 1139 1470 propositum
1158 1395 1285 1472 assequi,
1304 1396 1360 1455 nisi

191 1484 265 1543 baec
283 1484 343 1542 illis
367 1484 577 1555 annectantur,
592 1483 632 1562 ,01
656 1484 725 1540 sunt
749 1501 899 1542 sermones
923 1484 1002 1542 mali.
1046 1487 1076 1542 et
1098 1484 1166 1543 ideo
1189 1486 1280 1560 poeta
1302 1505 1362 1544 non

142 1585 172 1633 15
192 1573 282 1631 debet
292 1574 333 1631 eis
345 1573 398 1646 uti,
417 1591 483 1631 curn
498 1574 617 1630 tantum
634 1572 728 1647 abest,
747 1574 783 1630 ut
798 1590 857 1630 non
871 1592 940 1631 vere
955 1568 1097 1652 †liceant,
1118 1574 1169 1633 sed
1183 1575 1363 1651 perturbant

194 1662 352 1721 dictionem
373 1664 403 1720 et
422 1661 578 1734 dicentem,
604 1661 655 1736 qui
678 1662 807 1736 optimus
831 1661 961 1720 habetur
979 1663 1086 1722 histrio
1105 1664 1136 1721 in
1155 1663 1362 1724 mensurandis

192 1751 450 1827 ponderandisque
468 1751 567 1809 rebus.

283 1842 333 1898 60.
352 1840 462 1916 Inquit.
491 1838 570 1898 Satis
585 1842 632 1898 est
650 1841 765 1915 poetae,
786 1840 809 1898 si
831 1858 866 1897 ex
885 1840 932 1898 bis
950 1840 1057 1915 figuris
1076 1844 1180 1901 utatur
1197 1841 1267 1917 illis,
1287 1861 1363 1916 quae

193 1932 263 1988 sunt
281 1931 420 2005 propriae
439 1929 597 2005 unicuique
615 1928 719 2004 generi
738 1928 915 2004 orationum,
934 1929 1075 1990 videlicet
1095 1931 1119 1990 01
1138 1948 1257 1990 0000000
1278 1931 1361 1990 sitin

140 2033 173 2080 20
193 2020 239 2077 bis
258 2019 434 2093 histrionem
453 2037 485 2078 se
504 2017 694 2077 constituere.
731 2017 873 2094 Intelligo
897 2021 998 2078 autem
1017 2039 1070 2094 per
1088 2021 1201 2095 figuras
1220 2020 1362 2080 orationis

193 2109 320 2185 figuram
352 2107 494 2167 orationis
525 2106 731 2166 enunciativae
759 2110 851 2183 atque
880 2108 1116 2184 interrogativae
1146 2129 1199 2168 nec
1226 2129 1285 2168 non
1309 2111 1362 2167 irn-

192 2199 346 2274 perativae
370 2200 460 2272 atque
484 2197 635 2272 optativae
659 2216 711 2255 seu
736 2197 951 2273 deprecativae.
993 2199 1133 2272 quoniam
1152 2198 1250 2274 figura
1275 2219 1364 2258 enun-

193 2288 298 2346 ciantis
318 2287 455 2345 differta
478 2286 576 2363 figura
598 2286 823 2362 interrogantis.
867 2286 971 2344 itidem
999 2285 1096 2361 figura
1120 2289 1295 2362 imperantis
1320 2293 1366 2348 est

193 2376 254 2435 alia
278 2395 296 2434 a
321 2376 419 2453 figura
444 2376 631 2450 deprecantis
658 2380 688 2434 et
712 2376 852 2450 optantis.
897 2394 932 2433 ex
955 2375 1044 2434 rebus
1070 2395 1141 2451 ergo
1166 2377 1364 2436 exterioribus

141 2479 174 2528 25
194 2465 260 2525 aliis
280 2467 353 2524 satis
374 2469 420 2524 est
438 2467 547 2540 poetae
570 2465 615 2523 uti
639 2464 744 2541 figuris
768 2483 945 2524 sermonum.
992 2483 1061 2523 nam
1086 2485 1152 2524 cum
1177 2466 1293 2525 soleant
1317 2467 1364 2525 de-

193 2555 336 2614 mentiam
354 2554 461 2613 afferre
480 2554 665 2613 sermonibus
684 2554 816 2630 poeticis,
834 2572 894 2613 non
913 2555 1022 2613 debent
1042 2555 1172 2615 adscribi
1189 2555 1269 2631 parti
1289 2556 1363 2615 artis

195 2644 342 2722 Poeticae,
361 2644 414 2702 sed
433 2644 509 2703 aliae
529 2644 592 2702 eius
612 2644 686 2702 artis
705 2642 794 2719 parti.

195 2788 244 2846 De
267 2787 435 2847 Dictione
459 2805 498 2845 00
522 2767 599 2845 eius
623 2786 792 2861 partibus
817 2789 852 2844 et
875 2786 992 2860 ipsius
1019 2788 1169 2846 virtute.
1215 2789 1265 2846 De
1289 2788 1366 2846 imi-

142 2980 175 3027 30
195 2878 334 2936 1011000
360 2876 514 2934 Ηο10100
542 2880 577 2935 01
605 2875 836 3039 [100001118οροἑ0
864 2875 1139 2934 defensionibus
1165 2876 1365 2936 Poetarum.

287 3092 337 3150 61.
351 3089 462 3167 Inquit.
486 3090 642 3149 Elementa
651 3107 831 3165 sermonum,
844 3088 875 3146 in
890 3107 966 3164 quae
980 3089 1142 3150 resolvitur
1153 3091 1248 3149 omnis
1257 3091 1368 3150 locutio

195 3184 368 3257 poematum
396 3178 593 3253 Graecorum,
609 3253 611 3257 Ι
626 3180 696 3238 sunt
724 3181 853 3255 septem,
884 3178 1024 3239 videlicet
1053 3180 1173 3255 syllaba
1201 3179 1368 3239 coniunctio

196 3289 303 3330 nomen
322 3270 447 3329 verbum
466 3268 610 3328 articulus
630 3287 716 3327 casus
742 3268 845 3327 oratio.
883 3267 1042 3328 Elementa
1060 3273 1161 3328 autem
1181 3269 1367 3344 syllabarum

198 3362 268 3419 sunt
292 3359 498 3418 indivisibiles.
544 3358 682 3433 intelligo
709 3377 763 3434 per
789 3358 938 3417 elementa
962 3359 1044 3433 ipsas
1070 3359 1202 3417 litteras:
1231 3357 1283 3416 sed
1308 3376 1368 3416 non

145 3463 178 3511 35
198 3451 318 3525 quidem
337 3468 448 3524 omnes,
469 3449 520 3508 sed
538 3448 592 3506 illa
610 3448 738 3524 tantum,
758 3467 794 3506 ex
812 3465 871 3523 qua
891 3450 997 3522 suapte
1017 3451 1126 3507 natura
1144 3447 1286 3506 constitui
1302 3466 1368 3522 pos·

198 3540 269 3596 sunt
299 3537 447 3613 syllabae:
478 3556 553 3614 quae
585 3537 704 3614 quidem
739 3540 808 3595 sunt
834 3555 883 3596 res
910 3537 1118 3612 simpliciores,
1150 3535 1260 3610 quibus
1288 3537 1369 3612 loqui

197 3627 302 3701 possit.
346 3645 415 3685 nam
445 3646 532 3686 voces
558 3628 691 3685 ferarum
717 3626 913 3685 indivisibiles
940 3627 1058 3701 quidem
1085 3627 1156 3682 sunt
1180 3625 1212 3683 in
1236 3625 1368 3685 litteras:

197 3717 321 3791 ideoque
350 3716 475 3775 dicimus
503 3716 616 3774 nullam
645 3734 746 3774 vocem
775 3734 877 3773 earum
905 3734 941 3773 ex
972 3713 1081 3772 litteris
1112 3717 1248 3773 constare
1273 3732 1368 3789 neque

199 3805 329 3880 aliquam
348 3810 464 3880 partem
487 3805 567 3864 vocis
592 3823 694 3864 earum
718 3821 782 3863 esse
806 3802 947 3862 litteram.
983 3800 1073 3860 Vocis
1097 3807 1198 3863 autem
1221 3822 1297 3880 quae
1321 3805 1369 3861 est

288 3975 371 4028 1510
387 3974 524 4044 marginer
543 3973 818 4042 alsintsuperflna.
855 3977 889 4025 25
909 3971 992 4024 liber:
1009 3972 1197 4027 clementiam.
1235 3977 1267 4025 32
1287 3970 1368 4023 Lm:

198 4045 247 4100 Ait
265 4046 408 4115 interpres.
424 4045 591 4100 Aristoteles
611 4045 682 4098 dixit
700 4046 763 4098 octo
783 4045 811 4096 01
830 4042 910 4096 addit
928 4042 1098 4098 elementum
1119 4043 1202 4098 etita
1220 4041 1369 4110 legendum

199 4119 242 4171 001
261 4117 335 4186 apud
354 4116 514 4182 Averroem‚
534 4119 565 4171 ut
583 4134 617 4170 ex
635 4114 807 4185 expositione
826 4116 913 4183 patet.

200 4292 244 4402 39*
262 4283 323 4403 5613
334 4276 409 4401 211Ξ61)
424 4281 440 4330 8
580 4281 614 4329 26
625 4296 631 4328 :
642 4276 699 4329 561)
716 4280 756 4330 19.
888 4282 921 4330 31
934 4297 939 4329 :
951 4277 1008 4331 561)
1023 4281 1065 4330 20.
1193 4280 1226 4328 33
1238 4296 1244 4328 :
1255 4274 1312 4328 561)
1327 4280 1370 4328 22.
