2946 4944
652 901 866 984 hverrois

346 1062 561 1148 paraphrasis
585 1063 621 1128 iu
644 1062 765 1131 librum
790 1064 942 1131 Poeticae
966 1063 1166 1146 Aristotelis,

225 1211 330 1269 Iacob
354 1211 514 1270 Mantino
537 1189 701 1285 Hispano
725 1212 892 1272 Hebraeo
916 1213 1052 1273 Medico
1076 1213 1289 1288 interprete.

264 1388 362 1447 Huius
376 1388 473 1446 libelli
487 1389 674 1463 propositum
689 1391 736 1446 est
750 1407 896 1463 exponere
915 1391 955 1463 id,
974 1390 1054 1465 quod
1068 1391 1098 1448 in
1118 1390 1195 1450 libro
1210 1391 1346 1452 Poeticae

141 1487 156 1534 5
176 1478 348 1537 Aristotelis
367 1477 404 1535 de
427 1477 540 1553 regulis
563 1477 785 1536 universalibus
808 1481 899 1553 atque
919 1479 1124 1538 communibus
1144 1481 1280 1539 omnibus
1299 1482 1346 1540 vel

175 1566 313 1642 plurimis
328 1566 499 1634 nationibus
516 1566 698 1626 continetur:
718 1585 786 1624 cum
800 1569 902 1626 tamen
915 1569 1013 1625 multa
1027 1567 1059 1625 in
1076 1586 1111 1626 eo
1130 1569 1347 1642 contineantur,

176 1674 252 1731 quae
276 1675 336 1715 non
363 1658 434 1714 sunt
457 1656 579 1731 regulae
604 1654 743 1730 propriae
768 1655 901 1716 Arabum
925 1656 1013 1715 Poesi
1034 1675 1131 1732 neque
1155 1677 1258 1717 eorum
1283 1678 1348 1717 cou-

176 1744 335 1803 suetudini.
355 1748 386 1804 et
404 1744 435 1803 id
454 1746 571 1819 sept'em
591 1744 730 1820 capitulis
749 1746 986 1820 complectemur.

172 1938 174 1941 .
251 1885 343 1956 Quot
363 1890 505 1962 atquae
525 1886 599 1945 sint
617 1885 838 1947 imitationis
856 1906 1001 1964 genera:
1020 1905 1060 1945 ac
1079 1888 1268 1963 exquibus

126 1987 158 2035 10
373 1976 602 2035 sermonibus
621 1974 781 2036 imitatio
802 1977 999 2036 ordinetur.
1037 1974 1108 2051 Cap.
1129 1981 1156 2036 1.

267 2103 293 2159 1.
313 2099 415 2175 Inquit
429 2099 618 2159 Aristoteles.
653 2099 843 2175 Propositum
861 2104 998 2160 nostrum
1017 2119 1097 2159 nunc
1115 2105 1162 2161 est
1177 2103 1213 2160 de
1228 2102 1350 2162 Poetioe

175 2191 240 2247 arte
259 2190 295 2247 de
315 2188 437 2264 eiusque
460 2188 620 2264 generibus
640 2191 780 2248 tractare.
819 2189 947 2265 Oportet
965 2193 1075 2263 autern,
1094 2192 1129 2247 ut
1148 2191 1255 2266 siquis
1274 2194 1349 2251 velit

175 2280 255 2337 recte
274 2277 394 2337 tradere
418 2278 482 2336 eius
505 2279 640 2354 regulas,
668 2281 702 2336 ut
720 2278 817 2354 primo
837 2279 928 2354 dicat,
951 2297 1099 2354 quaenam
1123 2279 1162 2338 sit
1185 2280 1261 2339 actio
1282 2276 1348 2360 (seu

134 2372 135 2375 ’
175 2358 316 2447 facultas)
347 2367 436 2425 unius
468 2367 611 2442 cuiusque
647 2367 765 2444 generis
797 2372 981 2445 poematum,
1016 2372 1046 2427 et
1074 2368 1241 2444 exquibus
1265 2370 1348 2444 ipsae

125 2467 156 2514 15
176 2455 296 2514 fabulae
320 2456 454 2531 poeticae
479 2475 513 2514 ao
537 2475 573 2514 ex
591 2460 665 2531 quot
682 2457 773 2516 rebus
793 2460 943 2534 constent,
968 2476 1099 2516 necnon
1123 2477 1270 2533 quaenam
1289 2459 1349 2517 sint

176 2563 279 2602 earum
298 2549 400 2620 partes
419 2548 485 2604 tum
504 2563 691 2620 communes,
715 2548 781 2603 tum
800 2545 947 2622 propriae,
971 2546 1079 2622 quibus
1103 2547 1192 2606 etiam
1212 2551 1349 2606 constent

138 2671 140 2675 -
175 2632 274 2709 ipsae,
298 2637 408 2709 quotve
432 2634 493 2693 sint
515 2652 628 2710 genera
646 2634 810 2709 rationum,
835 2655 911 2711 quae
929 2635 961 2692 in
979 2634 1090 2693 fabulis
1109 2636 1348 2695 considerantur:

175 2721 261 2780 initio
286 2722 400 2781 scilicet
418 2726 538 2798 sumpto
562 2724 600 2781 ab
624 2723 697 2797 ipsis
721 2723 884 2800 principiis,
908 2742 983 2799 quae
1006 2723 1092 2783 nobis
1116 2727 1225 2787 natura
1247 2725 1349 2784 insunt

136 2855 139 2860 .
176 2811 253 2870 circa
270 2812 335 2872 hoc.

124 2912 157 2959 20
266 2903 295 2959 2.
314 2900 425 2976 Inquit.
459 2900 564 2960 Omnis
579 2900 682 2960 Poesis
697 2900 852 2976 omnisque
866 2901 969 2959 fabula
983 2900 1099 2976 poetica
1113 2900 1142 2959 in
1158 2902 1347 2977 vituperandi

178 2990 226 3048 vel
241 2989 383 3047 laudandi
397 3008 507 3065 genere
522 2990 667 3049 consistit.
700 2989 912 3064 quodquidam
927 2989 1098 3049 inductione
1112 2992 1234 3065 probari
1248 2996 1349 3067 potest

178 3078 214 3136 de
233 3077 307 3152 ipsis
325 3076 524 3157 poematibus,
547 3078 726 3154 praesertim
745 3079 781 3137 de
800 3078 981 3137 Graecorum
999 3080 1197 3154 poematibus,
1216 3099 1292 3156 quae
1311 3083 1348 3139 de

175 3167 265 3225 rebus
289 3167 468 3227 voluntariis
494 3168 638 3245 agebant:
665 3187 771 3242 nempe
799 3186 835 3225 ex
862 3167 996 3226 honestis
1025 3171 1057 3226 et
1084 3167 1260 3228 inhonestis.
1305 3169 1349 3227 ita

176 3274 294 3331 quoque
317 3276 365 3315 res
390 3277 421 3316 se
446 3258 537 3316 habet
559 3257 590 3315 in
614 3255 730 3315 artibus
754 3256 943 3316 imitantibus
967 3257 1063 3332 ipsam
1082 3258 1248 3330 Poetioam,
1271 3277 1348 3333 quae

122 3356 157 3405 25
177 3344 297 3418 quidam
316 3346 354 3403 ad
372 3347 572 3421 pulsationem
590 3346 774 3405 cithararum
793 3364 828 3404 ac
846 3345 990 3404 tibiarum
1006 3346 1275 3423 accommodantur,
1296 3365 1346 3406 eas

175 3433 289 3492 scilicet
315 3435 388 3492 haec
416 3436 474 3493 duo
499 3435 654 3510 proposita
681 3434 878 3495 considerare.
925 3434 1058 3494 Fabulae
1085 3437 1186 3492 autem
1212 3435 1345 3509 poeticae

176 3525 246 3580 sunt
273 3541 424 3582 sermones
450 3523 619 3582 imitatorii:
649 3543 761 3599 genera
786 3543 857 3583 vero
884 3524 1060 3583 imitationis
1086 3526 1116 3581 et
1142 3523 1346 3583 similitudinis

172 3614 247 3693 ,sunt
265 3611 337 3669 tria:
357 3612 415 3670 duo
435 3611 582 3687 simplicia
602 3616 633 3671 et
651 3613 774 3671 tertium
792 3613 991 3687 compositum
1010 3605 1132 3670 axillis.
1166 3603 1212 3670 Εἰ
1230 3613 1345 3674 duobus

176 3700 355 3758 autemillis
375 3701 560 3776 simplicibus
580 3720 672 3758 unum
696 3700 834 3760 consistit
851 3701 882 3759 in
906 3694 1071 3759 imitatio'ne
1097 3702 1222 3761 alicuius
1246 3703 1289 3760 rei
1313 3721 1346 3760 ac

123 3801 156 3846 80
177 3789 240 3847 eius
266 3788 461 3848 similitudine
487 3789 577 3848 alicui
602 3790 691 3848 alteri
714 3790 772 3865 rei,
799 3790 855 3848 hoc
879 3791 981 3848 autem
1003 3793 1095 3863 prout
1118 3794 1165 3850 est
1189 3789 1346 3866 uuicuique

266 3968 408 4030 he'looum
430 3993 484 4030 non
507 3976 650 4045 intelligo:
677 3977 736 4030 ‘eas
756 3975 782 4030 .l.
803 3975 883 4029 haeo’
904 3975 989 4045 liber3
1014 3976 1039 4033 .l.
1060 3981 1153 4032 autem
1172 3976 1276 4044 ubique
1294 3996 1345 4046 pro

175 4045 283 4101 scilicet
301 4047 458 4102 adhibetur.

267 4230 296 4277 11
315 4247 320 4277 :
336 4232 394 4280 4‘1a
408 4232 467 4279 8ss.
513 4231 548 4278 20
563 4248 569 4278 ε
585 4230 643 4278 48a
660 4233 681 4278 1.
729 4231 763 4279 24
780 4250 784 4278 :
800 4223 828 4277 iu
849 4230 907 4278 4'la
924 4231 955 4280 1e
974 4224 1086 4279 videtur
1100 4243 1155 4280 nou
1169 4227 1280 4296 uhelcrrp
1297 4228 1346 4283 sed

175 4299 305 4363 ποιητική
325 4295 435 4366 legisse.
472 4302 587 4353 dia2l.
661 4299 938 4362 amiseratis.
1012 4302 1136 4351 28:-?
