2946 4944
192 180 256 244 312
596 176 754 232 Friderieus
779 175 968 230 Heidenhain:

284 350 334 409 50.
350 348 460 423 Inquit.
493 346 637 416 Quintum
651 365 745 421 genus
762 347 817 421 est,
832 345 911 421 quod
925 363 980 420 per
994 344 1229 419 paralogismum
1243 345 1291 402 fit:
1311 365 1370 420 que

196 439 325 497 utuntur
349 437 508 512 sophistae
531 439 652 512 poetae,
677 439 707 494 et
730 441 777 494 est
799 437 929 493 multum
953 435 985 491 in
1007 451 1065 492 usu
1088 434 1167 509 apud
1186 434 1313 510 Arabes,
1337 437 1372 492 ut

195 547 264 586 cum
287 526 408 586 dicitur:
433 526 535 585 hostes
560 529 678 583 nostros
703 524 843 584 cornibus
867 522 1371 599 ρ111111111111,111111111111811

197 615 340 675 11111111.
368 616 650 674 ’1111111111111111
677 617 723 672 est
740 614 861 690 falsum,
886 613 965 690 quod
983 611 1146 687 plurimum
1168 613 1317 688 reperitur
1339 614 1370 671 in

161 716 176 765 5
197 705 308 764 fabulis
326 705 450 780 poeticis
470 703 613 765 Arabum.
849 714 852 715 ’

289 795 339 854 51.
355 794 453 852 Datur
472 797 503 851 et
522 793 598 851 alius
619 793 702 850 locus
722 794 825 851 sextus
844 793 924 868 apud
939 790 1056 850 Arabes
1071 791 1214 867 famosus,
1232 791 1372 851 videlieet

197 902 308 959 ponere
326 884 358 941 in
377 883 440 943 suis
460 881 649 941 orationibus
668 882 823 940 rhetoricis
846 885 936 956 atque
954 880 1105 956 responsis
1125 900 1173 939 res
1192 881 1372 940 inanimatas
1465 928 1468 936 .

197 975 261 1032 vice
280 973 481 1047 rationalium,
506 990 572 1030 cum
593 970 725 1029 habeant
744 970 860 1045 aliquas
881 971 1052 1029 affectiones
1071 969 1184 1028 similes
1203 970 1372 1030 ratiocinio:

198 1063 233 1120 ut
252 1065 299 1120 est
317 1081 414 1121 sermo
434 1064 540 1136 poetae
565 1062 602 1119 de
626 1060 739 1118 umbris
764 1063 794 1118 et
816 1060 877 1118 alia
900 1060 931 1117 id
954 1078 1060 1135 genus,
1083 1077 1160 1134 quae
1183 1061 1279 1118 multa
1302 1062 1373 1119 sunt

144 1162 177 1210 10
197 1152 229 1209 in
252 1170 355 1210 eorum
379 1151 580 1225 poematibus,
608 1149 725 1224 etipse
749 1147 929 1208 Aristoteles
957 1148 1028 1207 fecit
1053 1150 1233 1208 mentionem
1257 1150 1292 1207 de
1316 1150 1372 1208 hoc

197 1241 272 1316 loco,
291 1243 321 1298 et
341 1240 416 1298 dixit
433 1240 598 1298 Homerum
614 1239 728 1303 ¹habere
748 1257 816 1296 eum
835 1239 965 1296 multum
983 1233 1016 1295 in
1035 1257 1100 1296 usu.

286 1330 338 1388 52.
347 1328 459 1404 Inquit.
483 1326 605 1404 Optima
619 1328 731 1405 agnitio
747 1330 777 1385 et
793 1328 943 1403 peripetia
957 1326 1037 1385 fiunt
1047 1327 1083 1385 de
1094 1328 1260 1387 actionibus
1270 1329 1373 1388 volun-

197 1418 292 1492 tariis,
312 1422 343 1476 et
360 1417 456 1478 maior
473 1437 543 1493 pars
562 1417 652 1475 huius
668 1416 786 1492 generis
803 1417 965 1491 agnitionis
980 1416 1119 1475 consistit
1133 1417 1164 1475 in
1178 1417 1267 1475 laude
1281 1418 1372 1476 actio-

196 1526 269 1566 num
287 1507 614 1582 praestantissimarum
635 1508 666 1563 11
688 1505 838 1581 vituperio
861 1506 1076 1581 improbarum,
1102 1506 1225 1565 ethaeo
1243 1508 1320 1566 ratio
1339 1506 1374 1564 fit

146 1606 178 1654 15
199 1596 230 1653 in
249 1596 386 1654 Arabum
404 1596 602 1671 poematibus.
681 1648 683 1652 .

292 1686 342 1745 53.
357 1685 469 1759 Inquit.
504 1682 626 1760 Optima
646 1683 828 1742 constructio
846 1684 969 1742 fabulae
987 1684 1121 1759 poeticae
1135 1687 1227 1759 atque
1240 1684 1375 1760 perfecta

198 1775 261 1832 eius
281 1774 455 1834 constitutio
479 1773 523 1849 fit,
548 1793 614 1832 cum
638 1775 728 1848 poeta
753 1774 906 1832 devenerit
931 1773 970 1830 ad
993 1772 1217 1831 describendam
1240 1775 1373 1848 aliquam

197 1882 261 1922 rem
280 1864 329 1922 vel
348 1863 479 1938 aliquem
498 1881 600 1922 casum
619 1862 802 1942 accidentem
828 1882 880 1920 seu
903 1863 946 1920 rei
971 1863 1141 1938 adventurn,
1164 1863 1208 1920 ita
1230 1866 1266 1921 ut
1289 1863 1373 1920 audi-

198 1953 279 2011 tores
298 1955 407 2028 putent
429 1953 461 2011 id
485 1951 764 2011 manifestissimum
788 1954 879 2026 atque
898 1951 992 2010 oculis
1012 1954 1165 2010 sensatum
1184 1951 1231 2011 sit.
1269 1954 1300 2010 et
1318 1953 1373 2010 hoc

136 2041 229 2100 ,10111
256 2041 367 2099 fabulis
396 2045 551 2115 poetarum
576 2041 723 2100 Arabum·
740 2042 814 2100 satis
842 2041 1000 2116 reperitur.
1050 2040 1164 2100 Verum
1194 2042 1251 2101 hoc
1279 2059 1373 2117 genus

188 2130 375 2195 ⁴imitationis
394 2131 473 2204 apud
493 2131 608 2189 Arabes
627 2132 677 2188 vel
697 2134 743 2189 est
762 2131 798 2188 dc
818 2129 986 2188 actionibus
1005 2130 1253 2188 incontinentium
1272 2131 1373 2189 valde

199 2238 242 2296 eo,
267 2219 351 2278 cuius
370 2220 576 2278 convenientia
599 2219 807 2278 similitudinis
832 2222 952 2277 tantum
974 2219 1146 2292 praecessit.
1183 2239 1252 2278 nam
1278 2221 1375 2278 multa

200 2312 270 2367 sunt
288 2308 424 2366 Arabum
443 2309 576 2367 carmina
595 2327 647 2367 seu
670 2308 800 2381 fabulae,
825 2326 900 2382 quae
927 2307 963 2364 de
986 2307 1058 2364 luxu
1083 2327 1208 2367 venereo
1233 2311 1374 2366 tractant.

199 2398 294 2456 multa
322 2398 431 2473 adhuc,
459 2398 491 2456 in
520 2398 629 2473 quibus
657 2397 732 2455 nihil
760 2397 841 2456 aliud
869 2396 1024 2472 quaeritur
1052 2415 1142 2471 quam
1168 2397 1375 2456 convenientia

146 2496 180 2544 25
201 2486 405 2544 similitudinis
424 2487 473 2546 vel
491 2486 677 2546 imitationis.
714 2487 933 2561 Reperiturque
959 2487 1015 2544 hoc
1034 2486 1125 2544 etiam
1143 2487 1174 2544 in
1194 2485 1374 2545 Graecorum

201 2576 390 2651 carminibus,
410 2595 477 2635 cum
496 2595 545 2635 res
560 2579 758 2652 occurrentes
778 2580 814 2634 ut
831 2579 901 2635 sunt
915 2575 1003 2649 bella,
1023 2575 1196 2635 describunt
1210 2576 1259 2634 vel
1273 2575 1375 2650 aliqua

200 2665 268 2736 alia,
295 2665 404 2739 quibus
423 2666 557 2724 homines
578 2666 749 2724 laudantur.
788 2665 934 2742 optimum
958 2667 1060 2723 autom
1083 2666 1139 2724 hoc
1161 2683 1255 2741 genus
1278 2665 1376 2723 imita-

200 2754 291 2813 tionis
311 2757 366 2827 est,
390 2755 570 2830 cumprime
596 2754 697 2813 statim
721 2754 947 2813 substituuntur
971 2754 1082 2826 omnia,
1107 2773 1183 2828 quae
1208 2755 1375 2814 describere

202 2843 351 2918 proponit,
371 2827 518 2903 mox'illis
534 2844 716 2920 superaddat
731 2847 761 2901 et
775 2843 938 2902 constituat
952 2842 1020 2901 illas
1035 2845 1098 2901 tres
1113 2846 1214 2917 partes
1229 2843 1376 2918 poematis

149 2942 184 2990 30
202 2933 263 2991 iam
282 2933 386 3008 dictas,
405 2932 544 2993 videlieet
564 2933 764 2992 imitationem
782 2951 939 2990 numerum
959 2930 1153 2990 harmoniam.

293 3023 343 3081 54.
358 3021 470 3097 Inquit.
493 3023 530 3081 In
544 3022 729 3082 dramatibus
739 3022 842 3097 itaque
857 3021 920 3081 sive
935 3021 1051 3079 actibus
1066 3021 1180 3097 agnitio
1190 3020 1256 3097 ipsa
1268 3024 1315 3080 est
1328 3039 1376 3079 res

202 3111 293 3186 longa
320 3111 416 3169 valde.
464 3114 495 3170 et
521 3111 641 3170 videtur
667 3112 792 3170 innuere
819 3129 873 3186 per
898 3111 953 3168 hoc
979 3110 1091 3168 multas
1115 3128 1179 3169 esse
1209 3111 1376 3187 agnitiones

202 3199 360 3275 variasque
379 3199 596 3260 verificationes
616 3200 737 3260 habere.

293 3291 344 3350 55.
360 3289 471 3366 Inquit.
502 3289 650 3349 Universa
664 3288 832 3364 Tragoedia
845 3290 956 3364 partim
971 3288 1151 3348 connexione
1165 3287 1298 3363 partium
1313 3287 1376 3347 eius

150 3388 185 3436 35
206 3379 384 3455 continetur,
403 3379 514 3454 partim
534 3379 691 3439 solutione.
728 3378 856 3438 Videtur
875 3379 975 3437 autem
995 3380 1073 3454 quod
1095 3378 1134 3455 id,
1154 3376 1232 3454 quod
1250 3377 1379 3435 maxime

205 3468 355 3527 similetur
373 3468 560 3546 connexioni,
585 3468 712 3544 quaein
737 3487 841 3528 eorum
865 3468 1046 3528 carminibus
1065 3467 1227 3542 reperitur,
1255 3469 1302 3524 est
1324 3466 1378 3524 illa

203 3575 288 3633 pars,
314 3575 390 3634 quae
414 3558 494 3633 apud
515 3559 631 3617 Arabes
655 3577 748 3617 nexus
774 3559 951 3634 appellatur.
995 3557 1127 3615 Tandem
1149 3554 1293 3630 prologus
1316 3574 1378 3614 111-

204 3646 292 3705 minis
315 3647 346 3703 in
370 3647 507 3722 partibus
534 3647 719 3722 Tragoedias
743 3652 773 3706 et
796 3649 905 3706 solutio
929 3649 975 3705 est
1000 3643 1153 3703 distinctio
1176 3644 1298 3702 illarum
1326 3645 1377 3701 du-

205 3755 290 3794 arum
314 3736 462 3812 partium,
491 3736 603 3795 scilicet
627 3737 753 3795 alterius
778 3737 815 3795 ab
843 3736 950 3810 altera,
978 3733 1219 3808 videlicetquod
1244 3751 1378 3792 seorsum

151 3835 184 3883 40
204 3825 379 3884 afferuntur.

294 3916 344 3975 56.
359 3914 468 3989 Inquit.
494 3914 628 3984 Quatuor
641 3915 742 3972 autern
757 3916 828 3971 erint
842 3929 952 3988 genera
967 3910 1162 3989 Tragoediae,
1176 3929 1302 3988 quorum
1317 3909 1377 3967 tria

207 4004 279 4062 sunt
298 4002 454 4079 simplicia,
473 4023 548 4078 quae
567 4004 627 4062 iam
647 4002 726 4061 dicta
745 4004 816 4059 sunt
834 4003 932 4073 antea,
950 4000 1090 4059 videlicet
1102 4001 1249 4076 peripetia
1263 3997 1377 4074 agnitio

206 4095 297 4168 atque
320 4092 505 4167 patheticam
528 4111 624 4169 genus
648 4110 700 4150 seu
725 4088 913 4165 affectitium,
939 4093 974 4148 ut
998 4109 1066 4149 cum
1088 4090 1124 4149 fit
1147 4107 1243 4149 sermo
1268 4088 1303 4146 de
1323 4088 1377 4163 his,

299 4299 526 4350 unsarana.
591 4298 710 4349 10:-r
769 4295 964 4363 12:(asare).
1021 4297 1195 4346 1111111.
1260 4298 1380 4348 amesa

208 4366 337 4422 14-11.
393 4368 647 4437 arastus-12).
704 4368 873 4422 1411111.
927 4364 1128 4432 1111111).
1178 4366 1310 4435 111111
1326 4367 1378 4434 aa).
