2946 4944
297 195 425 252 Averrois
443 195 623 265 paraphrasis
641 195 670 248 in
690 194 792 250 librum
811 192 941 250 Poeticae
960 195 1128 252 Aristotelis.
1233 192 1298 258 363

129 365 214 446 tudo,
247 365 355 424 idcirco
374 365 486 424 animal
505 365 700 441 perexiguum
719 383 778 423 non
797 363 907 424 dicitur
924 366 1082 440 pulchrum
1102 366 1132 424 in
1154 365 1298 424 relatione

130 455 167 513 ad
193 454 347 513 individua
373 455 420 513 sui
445 454 572 530 generis.
610 454 724 513 Eadem
750 454 826 512 enim
855 454 932 513 ratio
958 455 1165 514 videturesse
1189 455 1220 512 in
1243 455 1299 513 hoc

129 544 222 619 ipsius
248 542 383 618 poeticae
409 544 550 603 orationis
583 545 674 618 atque
700 543 851 603 doctrinae
884 544 1143 604 demonstrativae.
1192 563 1298 620 nempe

129 634 153 691 si
188 633 287 693 blavis
322 633 413 691 fuerit
448 633 611 708 speculatio
638 634 786 708 tempore,
825 632 889 691 eius
918 633 1119 707 intelligentia
1149 652 1208 693 non
1241 635 1299 691 erit

131 723 251 796 optima.
288 721 455 781 Identidem
480 722 504 779 si
527 721 646 797 longior
668 721 760 781 fuerit
782 722 861 780 iusto
886 723 1048 796 eademque
1071 722 1201 781 ratione:
1226 741 1297 797 quo·
1318 733 1333 779 5

102 834 104 839 ⁴
129 812 210 869 niam
228 829 247 868 a
265 810 500 870 consideratione
523 811 751 885 contemplantis
775 811 862 869 facile
886 810 1016 871 elabitur
1036 813 1066 869 et
1090 811 1232 870 oblivioni
1255 811 1296 868 di-

130 900 262 975 scipulus
281 919 346 958 eam
369 899 471 958 tradit.
507 899 620 957 Eadem
639 900 717 958 enirn
737 903 784 958 est
802 899 891 958 huius
915 900 958 958 rei
982 900 1073 972 ratio,
1098 918 1173 975 quae
1198 903 1245 958 est
1269 899 1301 957 in

132 989 314 1064 spectatione
333 989 458 1047 alicuius
478 988 639 1047 sensibilis:
663 988 803 1048 videlicet
825 989 904 1063 quod
923 990 995 1048 tunc
1018 992 1120 1048 exacte
1145 991 1298 1064 spectatur

130 1078 228 1153 ipsum
248 1078 417 1153 spectabile,
441 1096 507 1136 cum
527 1077 606 1135 inter
624 1077 723 1152 ipsum
742 1080 773 1149 et
798 1080 983 1153 spectantem
1003 1079 1118 1136 modica
1141 1078 1301 1137 intercedit

132 1167 284 1242 distantia,
302 1186 361 1226 non
380 1169 481 1226 eutem
499 1166 627 1224 maxime
643 1166 759 1225 distans
773 1186 870 1242 neque
884 1185 951 1225 oum
965 1186 1002 1225 ex
1015 1167 1143 1226 maxime
1157 1167 1298 1243 proxima.
1320 1178 1352 1225 10

129 1255 212 1314 Idem
231 1255 309 1314 enim
329 1255 476 1330 contingit
493 1256 524 1313 in
544 1255 729 1314 sermonibus
744 1255 868 1330 poeticis
883 1274 935 1315 seu
949 1256 1069 1333 fabulis,
1087 1258 1166 1332 quod
1180 1257 1212 1314 in
1226 1257 1299 1332 ipsis

130 1344 301 1419 disciplinis.
352 1364 420 1403 nam
445 1345 470 1402 si
498 1363 616 1403 carmen
640 1345 783 1419 perbreve
805 1344 911 1421 fuerit,
940 1364 999 1403 non
1022 1346 1134 1419 poterit
1157 1344 1299 1420 perficere

127 1437 229 1508 partes
248 1433 353 1492 laudis.
387 1437 418 1492 et
438 1433 463 1492 si
481 1433 512 1491 in
529 1434 651 1510 longum
665 1435 868 1509 protrahatur,
889 1453 948 1493 non
963 1436 1104 1509 poterunt
1118 1434 1183 1492 eius
1196 1437 1299 1509 partes

127 1522 241 1582 servari
260 1521 461 1597 memoriaque
479 1523 587 1582 teneri:
607 1523 651 1580 ita
670 1526 705 1581 ut
724 1523 937 1597 posterioribus
956 1524 1092 1597 partibus
1112 1523 1172 1581 iam
1187 1524 1298 1594 auditis

127 1611 241 1686 priores
269 1612 330 1670 sint
358 1612 500 1673 oblivioni
528 1612 666 1672 traditae.
708 1610 866 1671 Orationes
889 1631 960 1671 vero
984 1613 1160 1689 rhetoricae,
1189 1612 1298 1687 quibus
1321 1624 1352 1672 15

126 1699 203 1758 fiunt
218 1700 450 1778 obiurgationes,
468 1701 584 1759 nullam
598 1701 710 1759 habent
724 1705 833 1759 natura
847 1702 1037 1759 terminatam
1053 1702 1298 1777 magnitudinem.

127 1792 158 1847 et
181 1789 218 1848 ob
245 1789 276 1847 id
301 1790 424 1848 fuerunt
450 1790 545 1849 coacti
567 1791 702 1848 homines
728 1809 902 1850 mensurare
925 1793 1043 1865 tempus
1071 1790 1299 1868 obiurgationis,

127 1897 204 1952 quae
223 1878 303 1937 inter
321 1878 509 1938 adversarios
529 1878 712 1952 occurrebat,
735 1879 784 1938 vel
807 1897 878 1938 vase
898 1898 993 1954 aquco
1014 1879 1178 1955 Olepsydre
1192 1884 1299 1940 vocato

128 1986 210 2025 more
221 1966 411 2039 Graecorum,
431 1987 498 2025 oum
512 1970 629 2026 tantum
645 1967 732 2043 signa
751 1969 943 2044 quaerebant,
957 1969 1006 2027 vel
1020 1968 1158 2044 partibus
1173 1969 1298 2045 dierum,

126 2059 160 2113 ut
180 2047 295 2114 Arabes
320 2055 491 2129 utebantur,
515 2074 581 2114 cum
604 2057 792 2132 propositum
816 2077 920 2116 eorum
943 2057 974 2114 in
998 2057 1059 2116 suis
1083 2057 1298 2133 obiurgationi-
1318 2069 1351 2116 20

126 2144 183 2202 bus
203 2146 304 2203 essent
322 2163 369 2203 res
388 2145 599 2219 persuasibiles
624 2145 794 2206 exteriores.
832 2146 947 2205 Idcirco
971 2147 997 2205 si
1021 2147 1175 2222 tragoedia
1194 2150 1299 2222 ageret

126 2232 163 2291 de
182 2233 391 2309 obiurgatione
415 2235 463 2293 vel
491 2235 627 2294 convitiis
658 2239 688 2294 et
711 2235 913 2309 contentione,
944 2237 1016 2294 tunc
1039 2239 1192 2312 oporteret
1217 2255 1298 2293 men·

127 2340 230 2381 surare
254 2325 372 2397 tempus
396 2324 539 2383 orationis
563 2325 766 2384 contentiosas
794 2344 849 2400 per
872 2326 1105 2384 instrumentum
1130 2344 1224 2402 aquae
1248 2325 1296 2383 vel

125 2430 180 2486 per
198 2412 258 2470 alia
275 2412 440 2487 horologia.
477 2412 590 2472 Verum
610 2433 676 2473 oum
695 2433 755 2472 non
773 2432 821 2472 res
840 2413 884 2472 ita
904 2433 935 2473 se
954 2414 1072 2486 habeat,
1091 2414 1157 2472 ideo
1177 2418 1296 2489 oportet

125 2501 221 2575 ipsam
239 2502 387 2576 poeticam
406 2505 502 2560 artem
520 2501 631 2560 habere
650 2503 812 2560 terminum
831 2503 1008 2576 naturalem,
1032 2505 1134 2562 utres
1154 2522 1185 2561 se
1204 2504 1295 2562 habet
1314 2512 1348 2560 25

126 2590 162 2646 de
180 2590 370 2649 naturalibus
386 2590 651 2667 magnitudinibus,
672 2610 747 2666 quae
762 2591 852 2650 rebus
866 2591 939 2666 ipsis
953 2591 1063 2650 insunt.
1102 2592 1183 2650 Nam'
1196 2611 1297 2667 quem-

126 2679 286 2738 admodum
315 2679 419 2755 genita
450 2681 531 2756 ipsa,
566 2682 592 2738 si
623 2683 756 2755 tempore
786 2680 989 2756 generationis
1014 2699 1073 2739 non
1096 2681 1298 2756 impediantur

125 2769 162 2827 ab
176 2767 363 2828 incommoda
377 2771 506 2844 fortuna,
522 2769 677 2828 habebunt
691 2770 871 2828 naturaliter
886 2770 1077 2828 terminatam
1092 2789 1126 2829 ac
1142 2770 1294 2829 decentem

124 2858 371 2934 magnitudinem,
395 2859 440 2917 ita
458 2859 488 2917 in
512 2859 623 2917 fabulis
647 2858 771 2934 poeticis
796 2860 914 2918 evenire
937 2859 1041 2917 debet:
1066 2858 1243 2933 praesertim
1266 2860 1297 2916 in

126 2945 241 3005 duobus
263 2947 324 3006 illis
347 2943 525 3007 imItationis
548 2948 723 3025 generibus
748 2942 889 3008 videlicet
912 2949 942 3006 in
967 2967 1025 3026 quo
1049 2947 1084 3006 fit
1107 2947 1234 3006 mutatio
1259 2949 1295 3006 de
1316 2959 1350 3006 30

128 3034 277 3092 contrario
297 3035 328 3092 in
348 3037 540 3115 contrarium,
558 3038 606 3096 vel
624 3038 655 3095 in
674 3056 731 3112 quo
751 3038 894 3096 idernmet
912 3038 1074 3114 imitamur,
1092 3040 1213 3112 praeter
1224 3036 1295 3111 bor,

126 3122 205 3195 quod
224 3121 278 3180 fiat
295 3124 439 3183 transitus
460 3127 496 3184 ad
516 3127 705 3185 contrarium.

216 3212 267 3269 20.
278 3209 388 3286 Inquit.
419 3212 502 3282 Quod
513 3215 640 3272 maxime
656 3216 746 3274 etiam
757 3215 886 3274 delectat
896 3216 926 3273 in
936 3214 1148 3273 oonstItutione
1157 3214 1295 3274 carminis

126 3298 238 3376 Poesis,
258 3300 314 3371 est,
332 3319 369 3357 ne
389 3304 537 3361 enarratio
557 3304 723 3362 multarum
734 3323 844 3377 rerum,
864 3323 940 3379 quae
956 3304 1007 3361 uni
1021 3303 1064 3360 rei
1080 3303 1296 3362 determinatae

125 3387 270 3462 accidunt,
285 3389 321 3447 de
336 3407 395 3464 qua
404 3409 510 3464 poema
524 3391 686 3467 quaeritur,
699 3393 730 3450 in
744 3393 868 3468 longum
882 3393 1091 3468 protrahatur;
1106 3393 1157 3451 uni
1168 3413 1295 3468 namque
1314 3403 1347 3451 35

124 3478 167 3535 rei
187 3478 284 3537 multa
301 3478 439 3538 accidunt
457 3479 628 3555 multaeque
647 3480 778 3539 actiones
797 3482 982 3557 contingunt.

215 3570 265 3625 21.
284 3568 395 3645 InquIt.
423 3567 572 3627 Videntur
586 3589 722 3644 peccasse
737 3589 839 3630 omnes
854 3575 969 3646 poetae,
984 3571 1034 3646 qui
1050 3572 1104 3629 hoc
1119 3590 1213 3648 genus
1227 3590 1295 3646 poe·

124 3655 213 3713 matis
229 3656 381 3731 confixere,
401 3677 469 3716 cum
489 3658 572 3716 dere
593 3659 695 3734 aliqua
709 3659 739 3717 in
757 3660 847 3718 aliam
861 3680 923 3718 rem
938 3660 1125 3719 transilirent
1143 3679 1295 3735 unumque

124 3744 310 3819 propositum
323 3765 383 3804 non
397 3746 579 3822 inducerent,
594 3751 715 3821 praeter
727 3749 896 3807 Homerum.
921 3749 967 3807 'Pu
982 3752 1082 3807 autem
1097 3749 1229 3807 invenies
1239 3749 1295 3808 hoc

123 3833 155 3891 in
169 3833 355 3908 poematibus
365 3835 508 3910 Arabum,
523 3837 700 3911 praesertim
710 3837 741 3895 in
756 3837 864 3912 quibus
879 3838 1034 3913 quaeritur
1048 3837 1194 3895 laudatio:
1214 3838 1294 3897 vide·
1313 3850 1347 3897 40

123 3922 195 3980 licet
204 3922 283 3997 quod
294 3925 412 3996 quando
422 3929 570 4000 quaerunt
584 3944 723 3984 enarrare
734 3926 835 4000 aliqua
849 3928 885 3984 de
899 3927 964 4002 ipso
979 3925 1133 4003 laudabili,
1147 3929 1182 3984 ut
1195 3926 1295 4002 gratia

213 4081 247 4128 33
266 4081 339 4141 quo?
412 4080 446 4127 35
465 4075 546 4131 libers
566 4076 698 4144 queritur.

124 4186 335 4194 ———-.

169 4246 170 4249 ¹
213 4240 322 4289 n=-r
360 4217 731 4293 42—15250bas-s1ao.
771 4244 1061 4292 15—19251e7—9.
1099 4243 1294 4308 5445555-

123 4305 175 4430 {ipa
187 4323 248 4430 diod
259 4306 453 4430 fffiidnmr'
472 4305 574 4374 partim
591 4307 625 4360 ad
641 4312 755 4361 olaa-
765 4315 799 4361 15
813 4310 976 4365 referuntur.
1022 4315 1072 4362 33:
1086 4312 1154 4377 (ola
1168 4314 1293 4381 15-19).
