2946 4944
286 182 416 237 Arerrois
435 183 615 252 paraphrasis
635 182 665 235 in
683 181 785 236 librum
805 181 934 237 Poeticae
953 182 1120 240 Aristotelis.
1224 186 1288 250 357

122 352 197 410 didit
215 371 268 427 per
288 352 371 411 varia
389 369 502 427 genera
520 351 684 410 carminum
709 369 762 410 seu
785 353 966 427 poematum,
989 369 1065 426 quae
1088 354 1160 413 tunc
1178 355 1208 412 in
1228 356 1289 414 suis

119 441 289 518 regionibus
315 443 401 499 erant
419 443 503 516 ncta,
528 441 722 516 solebantque
741 440 786 499 uti
804 441 939 515 quolibet
962 441 1069 499 horum
1088 443 1180 501 trium
1198 463 1288 519 gene·

119 551 185 588 rum
204 530 415 589 imitationum.
453 528 500 587 Tu
523 532 622 588 autern
648 529 734 588 facile
753 529 887 589 invenies
906 529 1111 590 huiuscemodi
1129 551 1239 609 genera
1257 533 1287 591 in

119 619 299 678 carminibus
314 617 457 694 Arabum,
477 621 509 676 et
527 619 552 676 si
571 617 701 694 plurima
719 637 832 695 eorum,
851 621 886 676 ut
903 618 1003 694 inquit
1015 618 1199 697 Alfarabius,
1219 626 1289 680 sunt

118 709 156 767 ad
174 710 277 766 luxum
297 707 466 766 attinentia.
502 726 573 765 nam
590 707 666 765 illud
685 726 790 785 genus,
813 707 893 782 quod
911 708 1091 766 amatorium
1110 714 1225 784 vocant,
1243 711 1287 769 in·
1307 719 1323 768 5

117 799 210 856 clinat
233 797 351 872 quidem
371 797 505 855 homines
524 799 560 854 ad
581 815 643 854 rem
664 797 824 855 nefandam
842 815 877 856 ac
894 797 1086 872 prohibitam.
1122 797 1231 859 idcirco
1250 801 1288 858 ab

117 886 288 944 huiusmodi
307 885 487 944 carminibus
507 885 666 944 amonendi
689 888 759 944 sunt
781 885 878 960 pueri:
904 886 996 944 immo
1015 887 1191 946 instituendi
1210 892 1288 965 sunt,

119 976 207 1033 utin
231 993 317 1032 usum
340 965 531 1032 habeant'ea
555 975 694 1051 carmina,
717 993 794 1049 quae
817 975 855 1033 ad
878 975 1083 1034 fortitudinem
1107 980 1139 1035 et
1160 977 1288 1053 gloriam

119 1063 295 1122 conducunt.
332 1083 402 1121 narn
421 1063 539 1122 Arabes
558 1063 588 1121 in
614 1063 675 1121 suis
699 1063 881 1121 carminibus
899 1082 959 1121 non
977 1065 1138 1124 hortantur
1156 1067 1193 1124 ad
1212 1067 1287 1125 alias

116 1153 243 1212 virtutes
263 1172 353 1229 quam
373 1153 410 1210 ad
429 1152 483 1210 has
503 1153 586 1211 duas.
624 1152 682 1210 etsi
701 1152 802 1211 dehis
823 1153 922 1229 etiarn,
941 1172 1001 1212 non
1017 1156 1052 1212 ut
1071 1155 1229 1213 hortentur
1249 1157 1286 1214 ad
1308 1164 1340 1214 10

117 1261 166 1300 eas
185 1243 330 1316 tractent,
355 1242 407 1300 sed
426 1242 526 1316 potius
544 1241 705 1299 iactantiae
724 1242 830 1316 gratia.
862 1241 905 1300 At
923 1241 999 1299 illud
1017 1261 1112 1317 genus
1131 1245 1287 1323 poematia,

117 1331 148 1388 in
167 1350 225 1406 quo
244 1331 399 1406 quaeritur
418 1330 548 1389 imitatio
569 1330 764 1389 eiusdemmet
781 1331 827 1388 rei
845 1334 936 1407 atque
955 1331 1170 1408 convenientia,
1189 1337 1224 1392 ut
1243 1333 1285 1391 di-

115 1421 221 1496 ximus,
241 1419 336 1478 estin
355 1420 505 1495 frequenti
523 1438 579 1478 usu
599 1420 679 1494 apud
703 1439 768 1478 eos:
788 1426 1005 1496 proptereaque
1020 1439 1122 1480 eorum
1138 1421 1287 1497 sapientes

113 1509 288 1585 frequenter
306 1508 479 1567 describunt
498 1509 639 1567 animalia
662 1512 753 1584 atque
773 1510 891 1585 stirpes.
929 1508 1035 1568 Graeci
1055 1529 1124 1569 vero
1143 1514 1178 1570 ut
1195 1511 1288 1585 pluri-

114 1618 195 1655 mum
214 1598 332 1657 nullum
351 1617 467 1656 carmen
486 1599 657 1674 proferunt,
702 1598 756 1656 uin
779 1599 817 1656 ad
839 1597 971 1673 aliquam
991 1599 1166 1659 hortandam
1191 1600 1286 1660 virtu-
1308 1609 1339 1656 15

113 1690 174 1745 tem
193 1687 242 1747 vel
261 1688 299 1745 ad
317 1688 438 1762 aliquod
457 1687 563 1747 vitium
583 1686 801 1746 dehortandum
817 1706 848 1745 se
868 1690 975 1764 vertat,
995 1689 1043 1746 uel
1062 1688 1140 1764 quod
1155 1689 1286 1764 aliquem
1347 1764 1349 1768 ἲ

114 1777 258 1851 optimum
277 1795 391 1834 morem
411 1777 459 1836 uel
475 1777 628 1835 scientiam
643 1778 798 1852 praestare
812 1795 870 1834 non
886 1777 1020 1837 suadeat.
1057 1777 1103 1835 Ex
1116 1778 1176 1836 iam
1198 1778 1285 1838 dictis

115 1884 187 1940 ergo
206 1867 291 1940 patet
309 1884 420 1941 genera
438 1865 640 1924 imitationum
661 1883 726 1924 esse
745 1864 813 1938 tria,
838 1883 1000 1940 earumque
1019 1865 1200 1926 differentias
1220 1886 1286 1927 esse

112 1956 189 2029 tres,
214 1957 244 2012 et
268 1974 344 2029 quae
369 1954 430 2012 sint
452 1954 624 2012 huiusmodi
648 1953 832 2012 differentiae
856 1955 918 2012 tres
942 1958 972 2013 et
994 1955 1061 2030 ipsa
1083 1954 1143 2013 tria
1165 1974 1284 2032 genera.

112 2042 225 2111 Quodsi
244 2046 346 2101 exacte
364 2043 577 2119 perquirantur
595 2042 660 2118 ipsa
678 2045 825 2118 poemata,
849 2042 1000 2103 videbitur
1018 2062 1083 2103 esse
1102 2063 1208 2105 verum
1226 2064 1286 2105 non
1305 2054 1338 2103 20

113 2132 178 2189 dari
196 2135 337 2206 quartum
355 2150 450 2208 genus
469 2132 670 2191 imitationum
684 2150 781 2208 neque
796 2135 934 2207 quartam
950 2133 1148 2201 differentiam
1163 2133 1284 2192 illorum

111 2239 263 2295 generum.

163 2345 213 2405 De
233 2345 373 2421 Oausis,
392 2365 410 2404 a
429 2348 559 2424 quibus
579 2349 658 2405 orta
677 2350 732 2405 est
751 2347 910 2420 Poetica,
931 2350 966 2405 et
985 2348 1025 2405 de
1045 2347 1230 2422 aliquibus

435 2437 565 2512 ¹ipsius
585 2435 788 2511 speciebus.
826 2433 897 2510 (lap.
918 2438 945 2494 3.

202 2580 230 2637 8.
245 2578 354 2653 lnquit.
385 2578 515 2637 Videtur
530 2597 547 2636 a
561 2578 676 2636 duabus
691 2577 787 2635 causis
803 2576 963 2652 etquidem
973 2577 1085 2635 homini
1095 2578 1282 2637 naturalibus
1302 2587 1336 2637 25

111 2667 233 2726 Poetica
251 2667 392 2726 habuisse
412 2668 565 2744 originem.
599 2666 699 2724 Prima
717 2668 771 2740 est,
790 2665 929 2740 quoniam
944 2665 1067 2724 insitum
1082 2670 1128 2725 est
1142 2685 1161 2724 a
1174 2674 1283 2726 natura

112 2756 319 2815 hominibusa
342 2757 443 2831 pueris
467 2757 588 2815 imitari.
625 2757 680 2814 hcc
699 2757 800 2812 autem
822 2755 902 2813 inter
925 2758 1024 2813 cetera
1047 2755 1212 2814 animantia
1235 2760 1283 2815 est

112 2845 238 2903 maxime
261 2847 415 2920 proprium
442 2845 563 2904 homini.
610 2843 701 2902 Cuius
725 2843 769 2902 rei
796 2863 885 2902 causa
909 2845 967 2917 est,
1000 2843 1069 2920 quia
1092 2845 1181 2904 horno
1203 2845 1282 2903 inter

110 2938 209 2992 cetera
232 2935 396 2993 animantia
419 2937 532 3012 gaudet
555 2933 775 2991 imitationibus
794 2951 902 3007 rerum,
927 2952 1001 3008 quas
1021 2933 1080 2991 iarn
1099 2937 1281 3008 perceperat.

112 3021 197 3090 Quod
216 3026 315 3080 autem
334 3023 423 3083 homo
442 3024 574 3099 gaudeat
591 3025 701 3080 natura
724 3021 796 3096 ipsis
814 3021 1045 3096 imitationibus,
1070 3025 1280 3099 argumentum
1300 3035 1335 3082 30

113 3114 171 3183 est,
197 3112 336 3186 quoniam
361 3131 414 3171 nos
437 3114 602 3190 gaudemus
626 3111 792 3169 imitatione
815 3130 930 3184 rerum,
956 3129 1030 3186 quas
1053 3129 1119 3170 curn
1143 3111 1283 3170 molestia

111 3199 292 3274 adspicimus
321 3203 351 3257 et
368 3220 427 3260 non
446 3220 512 3260 cum
538 3201 750 3272 delectatione,
778 3200 954 3275 praesertim
980 3218 1047 3257 cum
1071 3199 1125 3257 illa
1152 3199 1297 3258 imitatio

110 3289 203 3348 fuerit
222 3289 411 3347 exactissima
431 3293 461 3348 et
481 3290 629 3350 concinna.
668 3291 702 3346 ut
720 3289 751 3346 in
769 3288 950 3363 imaginibus
969 3288 1131 3346 multarum
1151 3288 1280 3347 ferarum

110 3379 347 3437 truculentarum
376 3381 465 3454 atque
489 3379 613 3454 picturis
638 3397 753 3454 earum,
778 3395 852 3451 quas
875 3376 1128 3451 praestantissimi
1149 3368 1280 3454 pictores

110 3468 250 3541 efficiunt,
271 3466 389 3527 evenire
410 3468 491 3527 solet.
529 3469 570 3525 Et
588 3468 626 3526 ob
645 3467 721 3547 hanc
740 3485 859 3524 causam
879 3467 993 3523 utimur
1011 3465 1231 3525 imitationibus
1249 3468 1280 3525 in
1299 3477 1332 3525 35

109 3556 272 3631 disciplinis
297 3575 351 3631 pro
374 3575 475 3615 rerum
499 3555 715 3631 intellegentiis
739 3559 829 3630 atque
848 3554 1155 3630 interpretationibus.
1203 3556 1280 3614 Sunt

110 3645 188 3703 enim
208 3646 290 3720 ipsae
309 3646 491 3705 imitationes
509 3646 742 3704 instrumentum
760 3645 924 3702 conducens
939 3644 977 3702 ad
991 3645 1279 3720 intelligentiam-rei

111 3751 203 3810 quam
228 3735 398 3808 quaerimus
424 3736 598 3812 intellegere
625 3735 663 3792 ob
689 3733 930 3807 delectationem,
957 3753 1045 3809 quarn
1071 3733 1215 3792 habemus
1241 3735 1278 3791 de

108 3822 301 3899 imaginibus
330 3827 451 3899 propter
480 3825 510 3882 id
539 3822 618 3900 quod
641 3823 753 3882 habeut
779 3824 816 3882 de
839 3822 1014 3882 imitatione.
1052 3822 1162 3880 Anima
1184 3822 1279 3900 igitur

106 3911 269 3988 perfectius
288 3913 420 3990 recipiet,
440 3916 551 3990 quanto
569 3912 668 3988 magis
686 3911 842 3988 gaudebit:
862 3910 1002 3987 quoniam
1021 3930 1080 3971 non
1100 3912 1197 3970 solum
1210 3911 1278 3969 Phi·
1297 3922 1331 3971 40

109 4001 241 4076 losophis
265 4000 513 4060 iucundissimum
541 4003 588 4060 est
621 4002 733 4060 discere
765 4002 816 4059 sed
844 4002 936 4059 etiarn
963 4001 1069 4059 ceteris
1098 4000 1278 4077 hominibus,

110 4108 289 4165 quamquam
310 4089 423 4148 modice
442 4091 473 4148 hi
487 4092 518 4148 in
531 4092 587 4150 hcc
601 4109 669 4149 cum
683 4088 873 4165 Philosophis
888 4090 1118 4149 communicent:
1138 4089 1276 4163 quoniam

110 4179 216 4254 aliquis
235 4179 322 4238 homo
342 4199 378 4238 ex
397 4179 497 4255 aliquo
517 4179 611 4238 discet
629 4180 713 4238 iuxta
730 4179 845 4238 variam
864 4178 1020 4250 rationem,
1041 4197 1117 4253 quae
1137 4180 1182 4237 est
1198 4178 1277 4236 inter

201 4370 510 4434 17:4‘1a16,48a24.
583 4365 900 4420 25-42248b3-1s.
973 4369 1091 4419 35:-?
