2946 4944
166 183 230 249 356
570 180 729 237 Fridericus
747 177 938 236 Heidenhain:

166 353 304 412 monibus
323 352 464 426 metricis,
484 350 630 427 Physious
652 350 752 426 potius
772 351 878 410 merito
901 352 1050 410 vocandus
1066 353 1112 409 est
1130 370 1220 427 quam
1239 351 1341 410 Poeta.

167 442 314 502 Similiter
337 460 456 518 quoque
481 458 632 500 sermones
656 439 822 517 imitatorii,
846 440 953 516 quiex
970 440 1075 499 metris
1094 439 1249 515 permixtis
1273 460 1341 499 oeu-

168 534 259 609 stant,
284 532 418 607 profacto
444 548 504 589 non
523 530 594 588 sunt
611 529 729 603 poetici.
767 530 813 587 Ex
832 530 918 588 dictis
942 530 1036 607 igitur
1059 533 1177 588 constat
1198 533 1340 604 quotnam

170 620 230 678 sint
248 638 359 697 genera
381 618 558 678 imitationis
582 635 616 676 ao
640 637 676 676 ex
700 617 808 692 quibus
834 619 1020 678 sermonibus
1038 618 1167 678 imitatio
1186 618 1342 678 ordinetur

132 718 148 766 5
168 709 281 784 inipso
301 727 444 784 sermone,
463 708 560 767 itaut
579 707 643 765 eius
661 706 738 766 actio
758 708 798 766 sit
815 708 956 784 perfecta.

247 851 295 910 De
314 850 454 910 duabus
474 849 559 909 aliis
576 849 800 909 imitationis
819 850 1061 924 differentiis,
1081 870 1191 925 penes
1209 868 1265 909 res

325 939 491 998 imitatas
509 957 548 998 ac
566 957 676 1014 penes
695 938 863 998 imitandi
882 940 1031 998 modum.
1068 939 1140 1015 Cap.
1161 943 1189 1000 2.

260 1067 288 1124 6.
303 1064 416 1140 Inquit.
449 1062 597 1134 Quoniam
610 1081 682 1123 vero
697 1063 748 1138 qui
762 1063 920 1122 imitantur
935 1066 965 1122 et
980 1065 1178 1141 aemulantur,
1196 1064 1263 1123 ideo
1278 1065 1343 1122 imi-

170 1154 282 1232 tantur,
307 1156 342 1212 ut
360 1154 504 1212 inducant
522 1153 640 1227 aliquos
660 1153 698 1210 ad
717 1152 850 1229 aliquam
870 1153 1069 1235 voluntariam
1089 1153 1235 1214 actionem
1254 1173 1343 1232 agen·

120 1253 151 1302 10
171 1243 252 1319 dam,
281 1243 413 1319 aliquam
440 1261 512 1302 vero
538 1242 628 1300 aliam
656 1241 886 1316 prohibendam:
913 1246 1033 1318 oportet
1057 1262 1127 1319 ergo
1152 1245 1186 1301 ut
1209 1261 1244 1301 ea
1267 1262 1344 1319 quae

169 1333 327 1409 proposuit
344 1332 470 1408 imitari,
496 1330 557 1389 sint
575 1331 623 1389 vel
642 1329 771 1388 virtutes
789 1331 837 1389 vel
856 1331 938 1390 vitia.
976 1333 1053 1390 Nam
1073 1332 1168 1391 omnis
1187 1332 1264 1390 actio
1284 1352 1345 1390 om-

170 1422 276 1496 nisque
304 1440 368 1480 mos
399 1421 436 1479 ad
461 1419 590 1478 alterum
613 1418 720 1476 horum
745 1418 873 1477 duorum
896 1420 1026 1480 declinat
1050 1410 1139 1498 atque
1162 1421 1343 1497 insequitur:

170 1529 277 1584 nempe
296 1510 345 1570 vel
364 1510 402 1567 ad
419 1507 612 1584 probitatem,
632 1507 681 1566 vel
699 1507 931 1583 improbitatem.
970 1509 1029 1568 Sed
1049 1529 1125 1584 cum,
1146 1510 1289 1586 quidquid
1309 1530 1344 1568 ex

171 1598 337 1658 actionibus
362 1596 540 1658 voluntariis
567 1596 724 1672 quaeritur
748 1596 870 1674 imitari,
897 1598 937 1656 sit
963 1598 1010 1657 vel
1036 1599 1132 1657 virtus
1156 1600 1204 1659 vel
1227 1600 1343 1676 vitium,

120 1697 152 1744 15
172 1707 242 1765 ergo
261 1691 297 1746 ut
314 1706 368 1763 per
387 1687 553 1762 probitates
574 1689 604 1745 et
623 1685 732 1760 probos
754 1686 836 1762 ipsas
859 1686 1026 1761 probitates
1050 1687 1210 1761 imitemur,
1235 1690 1343 1764 impro-

171 1776 282 1836 bitates
301 1795 372 1835 vero
391 1795 444 1851 per
461 1775 670 1850 improbitates
693 1778 723 1833 et
741 1794 796 1850 per
813 1776 979 1852 impr0b0s3
998 1793 1086 1850 porro
1105 1794 1172 1834 cum
1193 1778 1345 1851 quaelibet

172 1865 299 1924 imitatio
327 1864 381 1923 fiat
406 1865 442 1923 de
471 1864 595 1939 pulchro
620 1864 667 1924 vel
692 1864 786 1940 turpi:
816 1884 887 1941 ergo
916 1864 1011 1923 omnis
1039 1864 1215 1923 imitationis
1238 1885 1345 1941 propo-

173 1955 264 2014 situm
284 1957 331 2013 est
348 1955 508 2014 honestare
532 1954 581 2013 vel
606 1953 811 2012 dehonestare.
849 1952 1048 2029 Sequiturque
1072 1973 1108 2011 ex
1130 1954 1198 2026 hoc,
1222 1957 1257 2012 ut
1280 1955 1343 2029 qui-

173 2061 288 2120 cunque
302 2043 430 2104 virtutes
443 2042 610 2118 imitantur,
624 2042 680 2101 hoc
695 2043 750 2115 est,
766 2042 837 2118 quia
851 2061 901 2102 eas
915 2042 1029 2102 imitari
1044 2046 1114 2102 sunt
1127 2044 1236 2101 natura
1250 2043 1345 2118 proni,

120 2143 154 2189 20
173 2133 234 2192 sint
252 2132 352 2207 probi:
372 2134 493 2191 econtra
511 2149 591 2205 vero,
610 2130 662 2205 qui
682 2130 757 2189 vitia
775 2132 941 2205 imitentur,
961 2132 1100 2192 deficiant
1118 2135 1228 2191 natura
1247 2133 1284 2190 ab
1299 2133 1345 2191 his

174 2223 211 2281 ad
232 2222 366 2296 vitiaque
385 2221 483 2297 magis
502 2220 654 2279 accedant.
693 2239 728 2278 ex
746 2219 792 2278 his
808 2239 879 2298 ergo
895 2222 1021 2279 duorum
1035 2241 1178 2298 generum
1192 2221 1345 2281 hominum

174 2312 262 2369 datur
280 2311 346 2369 laus
366 2313 397 2368 et
415 2308 607 2384 vituperium,
626 2309 682 2367 hoc
701 2311 747 2368 est
765 2308 893 2368 virtutes
910 2311 1034 2369 laudare
1049 2310 1181 2386 vitiaque
1196 2311 1345 2370 damnare.

129 2476 132 2482 .
175 2400 211 2458 ob
230 2399 320 2474 idque
339 2400 461 2457 luerunt
479 2398 574 2473 aliqui
592 2400 699 2472 poetae
719 2398 853 2474 apprime
868 2399 1036 2472 laudantes,
1055 2419 1112 2459 non
1129 2403 1229 2458 tamen
1245 2404 1345 2458 exacte

129 2490 130 2493 ’
174 2489 388 2562 vituperantes.
425 2487 506 2563 Ergo
526 2487 649 2545 cuilibet
666 2486 828 2555 imitationi
846 2487 949 2547 insunt
967 2489 999 2546 hi
1018 2489 1076 2546 duo
1095 2490 1188 2566 actus,
1207 2489 1347 2548 videlicet

121 2586 155 2633 25
174 2577 316 2635 laudandi
339 2577 388 2637 vel
411 2575 611 2651 vituperandi.
652 2576 849 2654 similiterque
872 2577 930 2637 hae
953 2575 1029 2636 duaa
1052 2578 1238 2637 differentiae
1261 2597 1346 2654 repe-

176 2667 294 2725 riuntur
308 2665 338 2724 in
352 2665 528 2740 imitatione,
548 2683 624 2741 quae
644 2665 721 2724 circa
736 2684 887 2725 sermones
906 2667 949 2741 fit,
968 2687 1027 2726 nou
1046 2669 1147 2726 autem
1162 2668 1191 2725 in
1207 2685 1251 2740 ea,
1270 2686 1346 2743 quae

178 2755 210 2814 fit
228 2775 282 2831 per
301 2757 438 2831 metrum,
456 2774 553 2830 neque
572 2755 602 2812 in
622 2774 665 2828 ea,
685 2774 761 2830 quae
780 2774 833 2830 per
846 2755 1041 2814 harmoniam.
1074 2755 1177 2814 Tertia
1190 2762 1347 2830 praeterea

179 2844 347 2902 differentia
364 2844 443 2903 inest
462 2844 518 2919 ipsi
536 2844 710 2919 imitationi,
734 2862 810 2918 quae
833 2864 886 2920 per
910 2862 1060 2904 sermones
1085 2844 1131 2902 lit:
1157 2863 1263 2919 nempe
1288 2863 1346 2920 qua

179 2933 333 3009 quaeritur
357 2937 391 2990 ut
411 2933 524 3007 aliquid
543 2933 639 2992 simile
662 2933 750 2991 alicui
770 2932 821 2991 alii
845 2934 902 2991 sibi
921 2934 1011 2992 simili
1034 2933 1152 2992 omnino
1176 2933 1346 2992 conveniat:

123 3032 157 3078 30
179 3025 299 3098 praeter
317 3021 374 3080 hoc
393 3020 472 3095 quod
491 3025 654 3097 quaeratur
672 3040 726 3097 per
744 3021 775 3080 id
794 3021 927 3081 laudatio
942 3023 990 3081 vel
1006 3023 1196 3098 vituperatio,
1213 3023 1268 3080 'sed
1284 3026 1346 3082 tan-

177 3110 330 3170 tummodo
359 3110 425 3185 ipsa
447 3129 531 3168 mera
553 3110 759 3170 convenientia
782 3112 813 3169 et
836 3112 1001 3170 concordia.
1047 3112 1103 3170 hoo
1127 3113 1227 3170 autem
1251 3130 1346 3187 genus
1434 3156 1437 3162 .

177 3199 353 3259 imitationis
377 3202 423 3258 est
453 3200 547 3258 veluti
572 3199 700 3258 materia
725 3200 798 3274 apta
827 3200 863 3258 ad
892 3201 950 3259 duo
977 3201 1115 3276 opposita
1138 3201 1346 3260 transmutari:

177 3289 316 3348 videlicet
338 3288 413 3347 alias
437 3288 475 3346 ad
497 3288 616 3348 laudem
639 3309 693 3364 per
716 3307 868 3348 excessum
893 3281 960 3368 (seu
980 3283 1176 3370 additionem)
1199 3293 1346 3348 transmu-

178 3380 251 3450 tata,
270 3378 343 3436 alias
362 3396 433 3437 vero
453 3377 491 3434 ad
509 3377 690 3453 vituperium
709 3397 763 3454 per
782 3397 934 3438 excessum
954 3379 1045 3438 etiam
1063 3380 1274 3437 transmutata.

123 3472 157 3521 35
267 3468 295 3525 7.
314 3465 424 3541 Inquit.
461 3464 543 3525 Haec
565 3467 687 3542 inquam
711 3471 756 3527 est
774 3468 898 3527 Homeri
916 3468 1058 3527 imitatio:
1083 3486 1189 3542 nempe
1208 3469 1255 3544 ut,
1280 3486 1347 3525 cum

178 3554 295 3629 effingit
317 3554 418 3631 aliqua
439 3551 644 3613 convenientia
668 3559 698 3614 et
721 3557 843 3635 similia,
866 3557 897 3615 id
921 3558 1041 3633 quidem
1060 3557 1170 3614 habeat
1193 3575 1347 3615 excessum

178 3644 306 3718 aliquem
327 3643 365 3700 ad
383 3643 503 3701 laudem
527 3645 575 3702 vel
598 3645 788 3719 vituperium.
824 3647 908 3705 Inter
930 3649 1034 3721 poetas
1058 3648 1215 3720 praeterea
1233 3643 1347 3721 >aliquis

178 3732 305 3791 maxime
330 3730 412 3791 valet
433 3731 463 3789 in
488 3733 668 3807 praestanda
686 3733 852 3794 imitatione
876 3735 1019 3794 conformi
1039 3736 1070 3791 et
1088 3735 1275 3793 convenienti
1294 3752 1347 3792 seu

179 3821 331 3879 simillima
350 3822 481 3896 tantum,
505 3821 614 3896 aliquis
638 3823 757 3880 veroin
781 3843 824 3899 ea,
849 3843 926 3898 quae
949 3823 1067 3881 laudem
1094 3825 1142 3882 vel
1165 3823 1346 3897 vituperium

124 3917 159 3968 40
177 3911 283 3988 habet,
310 3909 419 3985 aliquis
446 3910 522 3969 alius
547 3911 578 3967 in
607 3929 642 3970 ea
668 3931 743 3987 quae
767 3916 926 3987 utrumque
947 3912 1052 3970 horum
1078 3913 1283 3987 amplectitur,
1310 3913 1347 3969 ut

177 3999 325 4059 Homerus
343 4017 416 4058 usus
435 4001 490 4059 est

266 4087 446 4147 Aristoteles
470 4090 570 4146 autem
594 4089 630 4147 de
650 4088 783 4163 quolibet
801 4081 908 4148 horum
927 4093 1071 4167 generum
1095 4089 1263 4164 exemplum
1287 4091 1347 4148 tra-

176 4227 389 4234 ——m-*k-

266 4292 448 4361 2:(47b20).
508 4298 612 4346 8:-?
672 4297 828 4349 10:48al.
885 4299 1113 4348 16:48a4-18.
1172 4295 1346 4350 18:48b24.

178 4367 334 4418 25:48a‘1.
396 4365 605 4434 av:(48a19).
673 4364 801 4419 35:481)
817 4370 859 4419 34.
924 4367 1238 4435 37:48a6(bp0i0u().
