2946 4944
144 165 210 231 358
555 161 710 217 fridericus
729 160 917 216 Heidenhain:

146 337 243 410 ipsum
264 335 418 393 docentem
443 337 474 392 et
497 331 668 391 discentem.
713 328 772 388 Sed
795 330 935 406 quoniam
957 331 1103 406 imagines
1127 336 1197 392 sunt
1220 334 1317 394 imita-

82 487 86 492 ,
145 426 240 482 tiones
259 441 369 500 rerum,
394 441 468 497 quas
488 422 547 480 iam
565 420 766 496 percepimus:
791 439 862 496 crgo
881 420 923 478 eis
946 419 1059 478 utimur
1079 422 1115 478 ad
1139 423 1316 483 velociorem

62 579 72 584 „
144 532 177 572 ac
192 512 406 589 promptiorem
421 510 667 588 intellegentiam.
691 511 846 584 praestant
856 512 957 567 autem
967 509 1204 586 intellegentiam
1214 532 1314 574 rerum

145 604 266 678 propior
284 602 469 675 voluptatem
494 619 546 659 seu
566 598 808 670 delectationem,
832 616 921 674 quam
945 598 1090 673 praebent
1118 601 1154 658 ob
1179 602 1316 661 similitu-

109 691 243 751 odinem
273 709 363 766 quam
391 689 513 749 habent.
559 688 641 748 Haec
670 706 741 763 ergo
769 689 816 745 est
843 687 940 762 prima
967 704 1070 761 causa,
1100 709 1176 765 quac
1202 693 1315 766 poesim

144 779 268 857 peperit.
298 778 434 838 Secunda
449 797 519 838 vero
534 796 624 837 causa
638 779 693 853 est,
713 777 783 852 quia
796 779 903 834 natura
922 776 1052 835 humana
1066 779 1178 852 gaudet
1192 800 1315 840 numero

144 889 178 928 ac
193 868 350 927 harmonia
364 886 399 927 ac
413 869 530 926 metris:
549 867 689 942 quoniam
703 868 801 924 metra
813 865 954 924 videntur
964 866 1002 923 ad
1012 884 1168 927 numerum
1179 871 1316 946 attinere,

144 958 271 1017 maxime
298 958 377 1032 apud
401 976 465 1033 eos,
492 957 544 1032 qui
567 975 586 1014 a
608 958 718 1014 natura
741 955 854 1014 habent
876 951 974 1013 met'ra
996 957 1125 1030 assequi.
1169 958 1317 1034 Voluptas

145 1049 247 1106 autem
265 1046 420 1120 naturalis,
440 1065 517 1121 quae
538 1047 575 1104 ad
594 1044 795 1104 imitationem
815 1047 844 1103 et
863 1044 1021 1120 rhythmos
1038 1063 1072 1103 ac
1087 1047 1272 1106 harmoniam
1288 1053 1319 1108 θὴ

94 1147 125 1195 10
146 1139 243 1195 metra
257 1138 303 1194 est
318 1154 421 1210 prona,
436 1135 540 1211 genuit
554 1134 650 1209 ipsam
665 1133 831 1192 Poeticam:
851 1133 1028 1209 praesertim
1044 1136 1124 1210 apud
1139 1154 1199 1208 eos,
1214 1137 1265 1212 qui
1274 1139 1318 1214 ,ab

145 1225 232 1284 initio
251 1226 322 1283 sunt
341 1224 379 1282 ad
397 1224 429 1282 id
447 1224 617 1282 habiliores.
655 1241 714 1298 qua
732 1225 843 1281 natura
866 1226 963 1296 aucta,
988 1226 1054 1282 orta
1072 1224 1141 1282 inde
1160 1226 1255 1284 estin
1274 1226 1317 1285 eis

146 1332 195 1373 ars
211 1313 344 1372 Poetioa:
363 1316 522 1389 propterea
541 1312 611 1387 quia
629 1311 743 1385 primus
762 1313 800 1395 de
819 1330 854 1368 oa
873 1312 1005 1387 aliquam
1020 1312 1239 1389 portiunculam
1258 1318 1318 1373 tra-

146 1403 231 1476 didit,
250 1422 318 1462 mox
338 1402 388 1477 qui
409 1403 539 1477 primum
560 1402 680 1459 secutus
700 1401 747 1458 est
765 1400 855 1457 aliam
874 1401 1000 1460 tradidit
1017 1402 1126 1462 iterum
1143 1403 1318 1479 portionem,

147 1492 235 1551 etita
249 1491 396 1566 paulatim
411 1488 647 1565 extemporariis,
666 1489 759 1547 donec
774 1491 853 1546 artes
868 1488 1007 1549 Poeticae
1024 1492 1174 1565 perfectae
1189 1494 1318 1552 fuerunt.

95 1592 127 1638 15
147 1599 258 1656 genera
271 1600 388 1655 quoque
403 1597 506 1638 aarum
520 1578 605 1638 varia
619 1579 767 1653 completa
781 1580 853 1636 sunt
866 1597 920 1653 pro
934 1579 1019 1637 varia
1032 1581 1185 1639 hominum
1200 1583 1318 1658 generis

147 1669 304 1727 habilitate
319 1672 349 1727 et
363 1668 599 1744 promptitudine
615 1668 652 1726 ad
667 1667 809 1726 maiorem
821 1667 1047 1745 delectationem
1059 1670 1185 1729 alicuius
1199 1673 1318 1748 generis

147 1757 256 1816 Poesis.
302 1757 440 1834 Exempli
463 1775 553 1831 causa
581 1756 816 1833 praestantiores
847 1775 881 1815 ac
912 1757 1063 1833 digniores
1092 1759 1183 1818 animi
1210 1764 1320 1820 natura

146 1848 241 1922 primo
256 1849 426 1923 genuerunt
440 1850 537 1906 artem
551 1845 702 1923 laudandi,
718 1847 862 1922 intellego
877 1845 1019 1906 honestas
1033 1848 1157 1906 laudare
1172 1849 1317 1908 actiones:

147 1936 268 1996 viliores
286 1955 357 1997 vero
376 1938 473 1995 artem
492 1935 683 2011 vituperandi
706 1940 899 2012 pepererunt,
924 1954 1030 2012 nempe
1055 1939 1185 1996 actiones
1209 1957 1318 2012 pravas

94 2038 126 2084 20
148 2026 330 2101 vituperare:
364 2026 436 2084 licet
466 2027 615 2101 oporteat,
652 2025 703 2100 qui
728 2025 857 2083 intendit
882 2025 1052 2101 vituperare
1077 2027 1202 2087 vitiosos
1229 2030 1319 2103 atqua

147 2115 279 2173 actiones
297 2114 579 2190 vitiosas„laudare
597 2114 707 2189 probos
726 2133 760 2172 ac
779 2115 920 2173 honestas
940 2117 1086 2189 actiones,
1111 2120 1144 2175 ut
1163 2117 1319 2193 turpitudo

147 2203 289 2262 vitiorum
307 2204 404 2278 magis
422 2204 610 2279 propaletur:
633 2203 777 2278 intellego
797 2203 884 2278 quod,
908 2206 1068 2280 postquam
1089 2225 1124 2264 aa
1143 2206 1319 2282 narraverit,

147 2312 216 2351 mox
234 2294 337 2351 contra
355 2292 409 2350 illa
427 2292 559 2351 actiones
577 2310 686 2368 pravas
708 2295 835 2350 enarret.
882 2292 964 2350 Haec
988 2295 1109 2369 inquam
1135 2297 1181 2352 est
1204 2314 1321 2353 summa

147 2400 248 2440 rerum
275 2381 476 2440 communium
505 2380 642 2441 omnibus
669 2381 718 2440 vel
746 2380 886 2456 pluribus
914 2382 1072 2460 gentibus,
1102 2402 1178 2458 quae
1206 2384 1237 2441 in
1264 2383 1319 2442 hoc

95 2484 128 2530 25
148 2470 278 2546 capitulo
301 2469 504 2529 continentur:
533 2470 650 2547 reliqua
673 2489 757 2544 vero,
782 2489 858 2545 quae
882 2470 913 2528 in
936 2490 970 2529 eo
995 2472 1197 2544 continentur,
1221 2473 1321 2531 omnia

146 2561 196 2619 vel
219 2559 314 2618 maior
341 2578 411 2635 pars
440 2577 543 2618 corum
572 2561 642 2618 sunt
669 2577 731 2637 res,
760 2578 836 2636 quae
864 2563 951 2618 erant
975 2561 1114 2636 propriae
1139 2562 1319 2620 carminibus

148 2648 330 2707 Graecorum
349 2651 380 2709 et
399 2652 558 2707 consuetae
577 2645 658 2724 apud
677 2667 735 2708 θοε.
768 2649 906 2707 Meminit
920 2650 997 2708 enim
1014 2649 1192 2709 Aristoteles
1210 2651 1320 2708 artium

147 2738 341 2814 poeticarum,
364 2755 441 2813 quae
465 2741 551 2797 crant
569 2738 600 2795 in
622 2756 680 2796 usu
704 2737 784 2813 apud
803 2757 867 2797 eos:
892 2741 922 2797 θὴ
946 2758 1003 2814 quo
1020 2743 1116 2819 ‘pacto
1141 2742 1225 2798 ortae
1249 2743 1320 2797 sunt

150 2845 343 2902 unaquaeque
364 2833 468 2886 earum
487 2829 604 2902 natura,
628 2829 659 2886 et
678 2845 754 2901 quae
773 2846 843 2902 pars
863 2827 954 2887 fuerit
971 2829 1055 2904 prior
1073 2828 1102 2886 in
1127 2828 1320 2903 generatione

96 2926 129 2975 30
150 2934 204 2975 sua
228 2916 316 2975 alteri
340 2916 517 2991 praesertim
536 2915 568 2974 in
591 2919 656 2975 arte
679 2916 820 2974 laudandi
847 2917 877 2975 et
896 2918 1094 2993 vituperandi,
1118 2937 1194 2992 quae
1218 2937 1320 2977 ornnes

150 3005 235 3063 erant
255 3008 325 3063 tunc
344 3006 424 3081 apud
443 3023 492 3064 eos
508 3005 647 3064 famosae.
680 3004 788 3064 Adhuc
807 3009 919 3077 narrat,
942 3006 1007 3082 quis
1027 3007 1118 3065 fuerit
1136 3007 1251 3082 primus
1269 3007 1321 3082 qui

148 3094 277 3170 incoepit
302 3093 436 3155 invenire
462 3113 702 3170 unamquamque
730 3094 848 3153 illarum
882 3096 990 3154 artium
1017 3097 1214 3174 poeticarum,
1245 3115 1321 3172 quae

150 3186 237 3243 erant
254 3183 286 3241 in
305 3183 519 3243 consuetudine
537 3181 618 3259 apud
637 3201 702 3260 cos,
727 3186 758 3241 et
780 3183 846 3259 quis
871 3184 987 3243 addidit
1006 3203 1095 3260 super
1113 3186 1181 3244 illas
1201 3189 1231 3244 et
1254 3185 1320 3259 quis

148 3274 291 3347 posthoc
309 3272 437 3348 perfecit
456 3291 515 3333 eas.
553 3272 593 3331 Et
610 3272 642 3331 in
660 3273 716 3332 hoc
740 3292 854 3332 summe
873 3274 977 3332 laudat
997 3275 1169 3352 Homerum,
1191 3274 1321 3348 dicitque

96 3372 130 3420 35
151 3380 218 3419 eum
237 3361 340 3438 fuisso,
358 3361 410 3438 qui
430 3361 554 3422 tradidit
572 3362 719 3437 principia
737 3364 843 3421 harum
863 3362 983 3441 artium,
1002 3367 1033 3422 et
1052 3363 1131 3440 quod
1149 3381 1235 3422 nemo
1251 3365 1320 3420 ante

149 3449 248 3526 ipsum
266 3450 297 3509 in
316 3454 381 3511 arte
400 3452 541 3510 laudandi
559 3455 612 3512 aut
632 3451 824 3528 vituperandi
841 3453 890 3512 vel
908 3453 939 3511 in
958 3454 1059 3528 aliqua
1077 3452 1137 3510 alia
1157 3454 1221 3510 arte
1241 3451 1319 3527 apud

149 3559 199 3599 eos
223 3540 339 3599 famosa
366 3540 524 3616 quicquam
548 3540 626 3618 ogit,
657 3530 734 3617 quod
760 3545 839 3600 esset
862 3542 987 3601 alicuius
1012 3539 1166 3617 dignitatis
1191 3542 1245 3599 aut
1268 3541 1319 3598 ad-

148 3628 258 3687 miratu
278 3628 410 3703 dignum.

240 3721 267 3777 9.
278 3717 387 3792 Inquit.
412 3717 487 3777 (lum
497 3717 591 3795 igitur
600 3736 618 3776 a
627 3718 774 3794 principio
789 3719 1009 3795 imperfectiora
1019 3736 1053 3776 ac
1068 3718 1206 3778 breviora
1220 3721 1321 3779 esseut

96 3819 129 3866 oo
149 3807 294 3865 carmina:
314 3807 384 3882 quia
402 3807 583 3866 naturaliter
597 3807 715 3867 facilius
729 3807 760 3866 in
775 3807 847 3868 haec
861 3807 1028 3867 incidimus.
1062 3807 1205 3867 Breviora
1218 3810 1319 3865 autem

150 3899 228 3971 sunt,
248 3914 323 3972 quae
343 3915 379 3954 ex
396 3896 560 3956 minoribus
580 3899 718 3956 constant
737 3896 875 3973 syllabis:
899 3896 1123 3972 imperfectiora
1141 3915 1220 3968 vero,
1243 3914 1320 3971 quae

148 3984 337 4059 paucioribus
356 3988 495 4046 constant
514 3985 656 4044 melodiis.

148 4099 360 4108 ——--—

238 4142 273 4192 42
288 4136 372 4192 liber:
392 4137 510 4192 constat.

149 4242 511 4335 *W‘LTsaamc
551 4280 714 4333 larsem.
755 4284 915 4334 remeare.
955 4283 1115 4332 iuream.
1155 4280 1320 4334 rursum.

150 4351 493 4406 2⁷:48b24—49b20.
531 4351 716 4406 34:48b34.
755 4352 941 4405 35:48b28.
979 4356 1163 4404 39:49a19.
1201 4357 1321 4406 40:—?
