2946 4944
212 178 276 243 368
615 181 771 237 Tridericns
790 183 980 238 Heidenhain:

214 352 319 409 tunam
341 351 487 410 invasisse
511 351 695 427 quempiam,
723 351 773 428 qui
796 352 827 410 id
850 352 933 412 nullo
957 354 1045 427 pacto
1063 353 1245 414 merebatur.
1289 357 1389 416 Metus

213 458 285 499 vero
300 459 336 498 ex
350 441 554 501 huiuscemodi
572 441 759 499 enarratione
769 461 885 516 qnoque
896 441 1000 518 oritur,
1015 444 1174 517 propterea
1185 444 1392 521 quiafingitur

213 546 302 603 posse
321 530 452 589 accidere
479 532 692 590 nocumentum
715 531 756 607 61,
780 531 831 606 qni
855 533 902 589 est
926 531 972 589 1111
995 531 1119 590 inferior
1141 533 1173 590 in
1196 534 1265 610 hoc,
1287 536 1318 592 id
1342 539 1391 594 est

213 618 244 675 in
263 618 361 678 animo
380 619 539 696 audientis,
559 638 626 678 curn
645 619 673 677 61
692 620 789 697 magis
808 619 863 680 boo
883 620 1036 678 debeatur.
1073 621 1192 680 Maeror
1211 642 1281 683 vero
1296 627 1388 701 atque

177 707 417 767 omisericordia
443 727 478 767 ex
504 709 549 768 bis
577 708 724 781 oriuntur,
751 712 911 785 propterea
937 708 1016 785 quod
1042 709 1202 787 imaginari
1226 714 1326 787 potest
1352 733 1388 772 ea

212 814 299 871 posse
318 797 523 873 666116161111,
547 797 598 872 qui
622 816 658 856 ea
677 817 736 856 non
761 802 903 859 meretur.
939 798 982 856 At
1005 817 1073 856 cnm
1096 799 1226 860 virtutes
1251 819 1384 860 seorsum

210 889 384 961 narrantur,
416 907 475 946 non
502 887 665 945 incutietur
690 887 722 945 iu
747 887 879 945 animum
906 891 1003 946 terror
1029 908 1065 946 ex
1092 907 1196 948 earum
1218 890 1383 965 privatione

210 993 306 1051 neque
326 975 529 1035 misericordia
552 976 599 1035 vel
624 995 717 1035 amor.
764 976 795 1034 Si
819 977 885 1052 quis
910 977 1005 1052 igitur
1028 978 1158 1037 16166111
1182 979 1220 1036 ad
1243 980 1385 1039 virtutem

211 1064 383 1139 quempiam
407 1066 534 1142 hortari,
561 1065 650 1123 debet
672 1068 790 1142 partem
815 1084 887 1124 suae
910 1066 1086 1126 imitationis
1109 1068 1262 1142 imponere
1286 1071 1385 1142 robus,

158 1164 191 1212 10
211 1171 287 1229 quae
307 1154 440 1213 dolorem
464 1158 578 1213 metum
596 1155 870 1214 miscricordiamve
888 1155 1046 1214 incutiunt.

220 1306 222 1310 ,
300 1244 350 1301 33.
365 1243 474 1319 Inquit.
502 1244 615 1303 Idcirco
625 1245 751 1319 pulchra
761 1244 931 1320 Tragoedia
941 1244 1061 1320 quidem
1073 1247 1127 1321 661,
1142 1264 1217 1322 quae
1232 1247 1383 1305 611116166-

209 1331 290 1389 modi
313 1333 527 1407 compositione
551 1336 680 1392 constat:
710 1334 766 1393 boc
785 1337 831 1392 est
850 1353 886 1392 ex
909 1334 1073 1393 virtutibus
1098 1325 1383 1394 61161661116166-

211 1420 293 1479 tibus
311 1422 508 1499 terrificisque
526 1422 760 1481 misericordiam
779 1442 897 1498 quoque
917 1423 1120 1482 afferentibus.

301 1510 469 1587 sanquis.
485 1510 582 1580 Quam
592 1512 628 1571 ob
639 1530 703 1570 rem
713 1511 757 1570 illi
769 1511 888 1588 quidem
900 1511 1095 1586 decipiuntur,
1107 1513 1157 1589 qui
1166 1513 1198 1571 in
1207 1513 1384 1589 Tragoediis

160 1611 191 1658 13
212 1599 273 1657 suis
292 1600 367 1658 illud
387 1602 555 1675 observant,
576 1600 716 1660 videlicet
735 1604 769 1660 ut
787 1601 889 1676 plures
912 1603 1014 1675 partes
1035 1600 1271 1675 Tragoediaein
1288 1602 1385 1661 infeli-

210 1687 333 1747 citatem
351 1690 560 1749 terminentur.

299 1778 472 1854 3616616.
495 1779 682 1856 Argumento
696 1797 767 1838 1616
780 1779 856 1837 illud
871 1777 1061 1854 6111661166,
1076 1777 1190 1837 scilicet
1199 1779 1255 1839 boc
1265 1780 1383 1856 insequi

210 1863 421 1942 Tragoediam:
441 1868 581 1944 quoniam
600 1869 631 1926 in
650 1869 744 1928 scenis
764 1868 1004 1942 introducuntur,
1025 1886 1100 1944 quae
1114 1868 1300 1926 iracundiam
1313 1888 1382 1944 pro-

208 1959 323 2015 vocent.
373 1957 431 2016 Est
458 1961 558 2016 autem
588 1958 741 2017 iracundia
770 1959 854 2016 dolor
882 1976 949 2016 cum
978 1957 1147 2017 vehementi
1179 1957 1314 2033 appet'tu
1344 1958 1382 2015 ad

156 2055 190 2104 16
209 2043 379 2104 vindictam.
416 2065 489 2122 ergo
508 2066 630 2105 narrare
648 2047 812 2106 infortunia
827 2049 857 2106 et
870 2048 1067 2123 calamitates,
1085 2047 1204 2122 inques
1219 2046 1276 2104 viri
1294 2046 1382 2122 probi

209 2135 240 2191 61
257 2127 454 2210 praestantcs⁰
466 2136 598 2211 prolapsi
614 2140 692 2214 sunt,
711 2135 855 2194 maiorem
869 2136 992 2211 inquam
1007 2136 1137 2195 inferent
1150 2137 1211 2194 11116
1226 2155 1298 2211 erga
1312 2137 1380 2194 11166

208 2241 352 2282 amorem:
381 2224 519 2283 timorem
542 2243 612 2284 1616
632 2225 658 2283 61
676 2224 842 2283 virtutibus
867 2228 997 2283 careant.
1039 2225 1141 2302 Aliqui
1165 2229 1266 2283 tamen
1289 2227 1382 2284 intro-

207 2310 321 2372 ducunt
338 2313 370 2370 in
383 2313 444 2371 illis
460 2314 554 2373 scenis
568 2312 692 2391 tragicis
711 2312 912 2372 imitationem
926 2304 1070 2371 vitiorum
1085 2317 1116 2370 61
1130 2314 1276 2371 scelerum
1292 2313 1382 2372 simul

207 2418 274 2459 cum
292 2402 382 2461 rebus
401 2402 613 2478 laudabilibus,
635 2422 703 2462 cum
721 2403 852 2462 habeant
870 2401 942 2479 quid
959 2400 1131 2477 peripetiae.
1169 2400 1283 2458 Verum
1301 2403 1380 2459 vitu-

154 2502 188 2551 11
207 2509 313 2564 perere
345 2491 420 2550 11116
453 2496 500 2551 661
529 2493 630 2567 potius
660 2491 835 2552 Comoedias
872 2491 1027 2566 proprium
1064 2508 1153 2565 quam
1187 2488 1379 2564 Tragoediae.

206 2579 315 2639 idcirco
339 2600 399 2640 nou
422 2581 512 2641 debet
535 2601 638 2640 eorum
662 2581 790 2640 imitatio
820 2580 1026 2656 principaliter
1051 2579 1169 2637 666616
1194 2577 1379 2654 Tragoediis,

207 2669 259 2727 sed
277 2670 402 2746 propter
420 2670 607 2745 peripetiam.
645 2669 676 2728 si
690 2669 784 2746 igitur
797 2670 828 2727 in
843 2668 972 2744 Tragica
986 2668 1089 2726 fabula
1103 2668 1281 2725 enarrentur
1294 2667 1377 2745 vitia,

206 2759 410 2817 narrabuntur
429 2778 546 2836 quoque
564 2760 596 2817 in
614 2778 650 2817 66
668 2758 770 2834 procul
785 2757 875 2817 dubio
890 2758 986 2833 amici,
1006 2757 1057 2833 qui
1071 2755 1169 2815 effecti
1183 2759 1261 2829 sunt,
1280 2756 1379 2814 iuimi-

205 2847 269 2905 cive
294 2848 429 2907 invicem,
478 2848 662 2924 Tragoediae
690 2856 760 2907 1616
791 2866 826 2905 ex
850 2846 1037 2906 enarratione
1064 2845 1214 2905 actionum
1243 2845 1379 2903 affinium

153 2949 186 2998 30
205 2939 296 3012 atque
320 2938 482 2997 amicorum
506 2938 680 2997 consistunt.
724 2936 776 2995 sed
801 2937 836 2994 de
860 2934 979 2995 inimico
1007 2934 1120 2993 inimici
1148 2938 1202 2993 aut
1225 2935 1262 2994 de
1285 2935 1378 3009 amico

205 3025 293 3083 amici
314 3045 369 3085 666
393 3027 424 3085 16
443 3026 611 3102 Tragoedia
631 3044 727 3101 neque
751 3026 781 3083 in
800 3025 952 3084 comoedia
976 3024 1011 3081 fit
1029 3023 1155 3083 mentio:
1179 3043 1248 3083 cum
1266 3025 1307 3082 ibi
1325 3043 1379 3082 nec

205 3115 317 3174 amicus
335 3134 432 3191 neque
450 3115 587 3174 inimicus
607 3115 724 3174 existat.

295 3206 344 3264 36.
359 3204 470 3281 Inquit.
508 3204 639 3263 Fabulae
658 3207 759 3263 eutem
777 3203 924 3262 terrificae
943 3205 1034 3278 atque
1049 3202 1207 3261 tristitiam
1221 3202 1377 3261 afferentes

205 3291 315 3351 debent
340 3294 406 3353 visu
430 3293 602 3369 approbari:
628 3294 684 3351 hoc
707 3295 765 3366 est,
792 3313 812 3350 u
852 3293 915 3351 sint
937 3310 1026 3351 verae
1050 3296 1216 3368 certaeque.
1258 3308 1327 3347 nam
1352 3290 1378 3347 61

151 3393 185 3442 36
205 3383 305 3439 666661
320 3382 428 3441 dubiae
442 3383 491 3441 161
506 3402 541 3441 ex
556 3382 647 3441 dubia
661 3382 777 3460 origine
792 3382 951 3456 orirentur,
970 3400 1029 3440 non
1043 3383 1240 3458 fungerentur
1253 3397 1378 3438 munere

205 3487 258 3528 666
286 3470 344 3529 sibi
367 3472 530 3547 proposito.
571 3491 641 3531 nam
664 3471 704 3547 id,
728 3472 806 3548 quod
830 3472 918 3532 homo
937 3490 997 3530 666
1021 3474 1101 3530 certe
1120 3470 1184 3545 scit,
1208 3486 1267 3526 non
1289 3467 1378 3525 timet

204 3577 301 3634 neque
319 3559 459 3619 tristatur
478 3561 516 3619 ab
537 3581 581 3621 eo.
617 3562 673 3621 hoc
692 3563 802 3638 autem,
821 3560 901 3636 quod
916 3560 1096 3620 Aristotcles
1115 3556 1197 3631 dixit,
1216 3559 1263 3615 est
1278 3574 1377 3630 causa,

204 3647 241 3705 ob
261 3666 351 3723 quam
376 3650 473 3723 multi,
498 3650 550 3726 qui
574 3669 634 3709 666
657 3650 824 3709 redduntur
843 3650 986 3709 certiores
1005 3646 1180 3719 manifestis
1204 3648 1275 3704 sunt
1293 3644 1376 3704 vilis-

204 3735 272 3794 simi
296 3737 355 3797 viri
382 3741 472 3814 atque
495 3739 605 3800 vitiosi.
656 3740 800 3799 Homines
826 3739 936 3798 etenim
962 3740 1072 3795 natura
1098 3738 1257 3794 moventur
1280 3735 1376 3793 altera

151 3839 185 3887 40
204 3825 333 3885 duarum
351 3828 515 3888 rationum:
537 3848 644 3906 nempe
664 3827 968 3897 valdemonstrativa
986 3825 1113 3884 161666
1133 3823 1376 3884 demonstrativa.

294 4003 307 4049 1
328 3997 411 4053 liber:
432 3998 499 4053 ulle.
580 4006 614 4053 33
633 3999 665 4052 16
683 3997 812 4065 margine
828 3994 891 4064 (nisi
909 3993 982 4048 forte
1002 4025 1035 4035 —
1054 3994 1085 4048 id
1103 3993 1177 4062 quod
1195 3990 1374 4047 verisimilius

202 4064 485 4195 ffisghaldmpfflrffi
495 4071 588 4125 locum
600 4070 747 4140 pertinet):
762 4067 910 4136 Interprcs.
926 4065 1014 4121 Credo
1029 4069 1179 4120 Avcrroem
1193 4063 1374 4117 6661616116-

274 4301 400 4357 mahat.
419 4307 475 4368 aa
495 4319 522 4369 p.
543 4299 634 4354 racab
649 4306 692 4368 ac,
713 4304 805 4353 16666
820 4306 844 4352 c.
893 4303 1138 4364 11:53a12—17‚
1158 4302 1200 4350 61,
1247 4299 1375 4366 146636

202 4376 326 4442 14-66),
366 4376 500 4440 11;(-1).
536 4371 947 4441 16;(3661.1,6ρ.1616661).
980 4369 1168 4437 artacem).
1205 4373 1373 4422 6666611.
