2946 4944
222 175 225 179 ι
281 203 410 259 Averrois
429 203 607 275 paraphrasis
625 203 654 256 in
673 202 775 257 librum
793 202 921 273 poeticae
940 203 1107 259 Aristotelis.
1211 202 1276 265 375

109 374 236 452 syllaba,
255 377 357 450 partes
377 378 448 434 sunt
465 372 553 433 litera
572 372 683 435 vocalis
698 375 751 432 aut
769 373 858 432 litera
876 376 970 432 muta.
1001 372 1121 433 Vocalis
1141 376 1188 432 est
1201 392 1277 449 quae

110 464 238 524 resultat
257 483 293 522 ex
312 464 512 539 percussione,
531 482 607 539 quae
626 442 661 522 fit
680 482 715 521 ex
733 463 820 522 labiis
840 465 893 522 aut
912 462 1053 522 dentibus
1068 465 1116 522 vel
1131 462 1197 522 aliis
1211 481 1277 538 par-

110 554 189 612 tibus
209 554 357 630 gutturis,
381 554 412 611 et
430 555 477 612 est
495 573 551 613 vox
570 552 735 628 composita
753 551 974 628 inseparabilis:
996 552 1134 628 intelligo
1158 571 1211 628 per
1234 552 1277 608 in-

110 642 320 719 separabilem,
345 660 425 716 quae¹
444 661 503 702 non
527 645 628 722 potest
651 642 784 716 separari
807 641 838 699 in
861 641 1010 700 locutione
1033 660 1051 698 a
1074 642 1163 700 litera
1185 643 1278 699 muta.

110 732 262 794 Vocantur
290 734 390 790 autem
419 731 502 806 ipsae
526 733 643 793 vocales
667 731 746 806 apud
770 730 887 790 Arabes
912 734 1010 789 motus
1034 730 1064 787 id
1088 734 1135 789 est
1158 733 1312 805 punctae

109 826 140 881 st
158 824 303 883 vocantur
320 822 410 880 etiam
429 821 535 880 literae
555 820 792 879 adhaesionisot
814 820 920 879 literas
939 819 1139 895 aspirationis
1176 819 1279 877 Litera

108 931 179 971 vero
198 915 282 970 muta
301 911 355 988 est,
378 928 453 986 quae
477 930 544 969 cum
569 910 735 969 adiectione
757 909 864 968 literae
882 910 993 968 vocalis
1014 909 1127 968 existit:
1152 910 1207 966 hoc
1233 911 1279 966 est

110 1020 185 1076 quae
204 1001 294 1059 habet
312 1018 414 1060 vocem
433 999 654 1075 intelligibilem
675 1017 727 1057 seu
746 997 915 1076 audibilem,
936 999 961 1058 si
980 1018 1046 1057 cum
1061 1000 1146 1056 muta
1159 997 1279 1072 compli-

109 1093 200 1148 cetur.
246 1089 331 1148 Muta
349 1108 466 1163 quoque
485 1088 663 1148 exaudibilis
687 1090 734 1146 est
757 1106 920 1163 sonumque
943 1088 1043 1146 reddit
1066 1088 1206 1145 adiuncta
1223 1086 1279 1161 his,

108 1198 184 1256 quae
206 1179 336 1256 aliquam
355 1196 458 1236 vocem
480 1177 611 1235 reddunt
634 1181 668 1236 ut
686 1177 742 1235 Ab.
779 1176 845 1235 Has
869 1196 986 1253 quoque
1009 1177 1115 1235 literae
1139 1177 1280 1234 differunt
1301 1183 1332 1231 10

107 1270 186 1327 inter
205 1286 236 1326 se
255 1267 352 1343 figura
371 1267 431 1325 oris
455 1267 599 1343 locisque,
623 1267 731 1342 quibus
755 1266 912 1325 inhaerent
938 1268 968 1324 et
991 1284 1009 1324 a
1032 1266 1140 1340 quibus
1164 1263 1279 1340 profici-

109 1360 247 1433 scuntur,
275 1355 463 1431 longitudine
487 1359 577 1432 atque
601 1355 762 1431 brevitate,
796 1356 978 1431 aspiratione
1002 1373 1036 1414 ac
1061 1355 1222 1430 tenuitate,
1251 1356 1281 1411 et

111 1447 234 1507 eandem
258 1445 395 1504 omnibus
424 1444 564 1504 extremis
592 1465 700 1506 uocum
729 1449 818 1520 atque
847 1443 964 1517 mediis,
995 1463 1071 1522 quae
1099 1445 1177 1502 inter
1199 1444 1280 1518 ipsas

81 1535 83 1538 ’
111 1538 190 1612 sunt,
209 1553 285 1610 quae
303 1536 339 1593 ad
359 1537 455 1594 metra
474 1538 505 1593 et
524 1535 695 1594 harmonias
713 1535 873 1610 pertinent.
906 1533 1030 1610 Syllaba
1049 1536 1150 1592 autern
1165 1536 1211 1592 est
1225 1550 1280 1592 vor

109 1625 184 1684 nihil
203 1625 322 1700 penitus
338 1624 516 1700 significans,
536 1625 701 1699 composita
718 1642 754 1681 ex
772 1625 857 1681 muta
871 1642 905 1682 ae
920 1643 956 1682 ex
970 1624 1065 1683 vocali
1079 1624 1175 1683 litera.
1211 1641 1281 1680 nem
1302 1628 1333 1676 15

110 1717 181 1792 get
199 1735 222 1787 r,
242 1713 355 1772 scilicet
374 1732 419 1791 gr,
437 1733 497 1773 non
514 1732 674 1788 possumus
694 1731 827 1772 seorsum
851 1712 947 1788 loqui,
971 1714 1022 1771 sed
1047 1713 1141 1772 oritur
1165 1731 1223 1772 vox
1245 1730 1282 1770 ex
1303 1709 1307 1717 ’

110 1806 216 1863 barum
234 1806 401 1881 aggregato
423 1822 491 1861 cum
514 1803 622 1880 vocali,
646 1804 682 1860 ut
705 1820 767 1877 gra.
811 1803 842 1860 et
864 1805 899 1859 ut
921 1802 1013 1862 verbo
1038 1802 1143 1873 dicam,
1166 1821 1224 1861 vox
1247 1820 1282 1860 ex

111 1893 227 1952 duobus
246 1892 366 1968 quidem
390 1886 500 1950 oritur:
522 1910 629 1966 nempe
654 1910 690 1950 ex
709 1908 744 1948 ea
761 1910 802 1964 re,
827 1909 903 1966 quae
927 1909 959 1950 se
982 1889 1074 1949 habet
1098 1893 1134 1948 ut
1156 1889 1282 1948 materia

110 1986 141 2042 et
159 1985 284 2043 uocatur
306 1983 391 2039 muta
416 1980 515 2057 litera,
538 1983 569 2038 et
586 1981 617 2038 in
640 1979 744 2058 lingua
762 1983 865 2038 nostra
882 1981 1029 2039 uocantur
1052 1980 1233 2038 mutationes
1252 1981 1283 2036 et

110 2074 217 2130 literae
236 2072 393 2129 contextus
413 2087 447 2129 ac
465 2069 631 2128 tenuitatis.
670 2067 843 2129 Coniunctio
863 2071 963 2127 autem
978 2072 1025 2128 est
1039 2089 1095 2128 vox
1109 2068 1282 2145 composita,
1301 2076 1335 2123 20

112 2162 232 2219 minime
260 2177 313 2234 per
337 2177 368 2217 se
393 2158 564 2234 significans
589 2177 796 2234 seorsumque:
824 2161 858 2217 ut
881 2161 928 2218 est
950 2158 1029 2235 apud
1053 2159 1169 2217 Arabes
1192 2157 1283 2216 litera

113 2270 179 2326 vau,
194 2252 224 2308 et
239 2248 327 2307 dictio
342 2248 414 2307 item
430 2249 551 2307 tandem
566 2251 637 2307 sunt
650 2249 721 2306 illae
735 2247 850 2324 literae,
865 2267 941 2323 quae
951 2249 1130 2308 locutionem
1141 2247 1284 2323 colligant

112 2341 190 2399 inter
205 2358 250 2398 se:
266 2340 296 2397 et
310 2339 365 2397 hoc
380 2338 459 2413 apud
469 2336 585 2396 Arabes
601 2337 736 2396 efficiunt
750 2339 840 2396 etiarn
855 2339 885 2395 in
899 2337 985 2396 initio
1000 2339 1143 2397 orationis
1158 2338 1282 2409 locatae,

111 2431 147 2487 ut
165 2430 255 2504 certe,
273 2428 320 2486 vel
338 2430 374 2486 ut
392 2429 462 2487 sunt
480 2427 586 2486 literae
605 2426 831 2502 condicionales,
851 2446 927 2502 quae
949 2428 1142 2486 annexionem
1163 2430 1195 2485 et
1217 2444 1283 2484 con·

110 2519 292 2577 iunctionem
311 2516 482 2592 significant
504 2518 539 2574 ut
557 2517 614 2591 vel,
637 2518 715 2588 tunc,
736 2535 811 2591 cum,
834 2516 938 2593 idest,
963 2516 1087 2592 quando.
1106 2582 1108 2586 Α
1130 2515 1282 2573 Articulus
1302 2520 1336 2569 ab

112 2628 183 2668 vero
203 2599 271 2686 (seu
286 2605 437 2665 distinctio
452 2600 595 2682 Arabica)
616 2607 662 2664 est
677 2624 794 2681 quoque
808 2625 865 2666 vox
879 2606 1044 2681 composita
1058 2605 1179 2663 minime
1194 2604 1283 2682 signi-

112 2697 203 2756 ficans
222 2715 275 2771 per
295 2715 335 2755 se.
372 2697 403 2754 et
421 2697 455 2753 ut
475 2694 645 2753 summatim
666 2695 771 2772 dicam,
790 2694 889 2770 estid,
908 2695 987 2771 quod
1002 2694 1162 2769 distinguit
1176 2693 1284 2752 oratio·

112 2806 180 2846 nem
200 2786 237 2844 ab
252 2785 395 2862 oratione,
414 2787 449 2842 ut
462 2804 506 2842 au
525 2784 586 2862 sed,
605 2786 636 2842 et
654 2784 760 2843 literae
780 2785 996 2861 adversativae,
1014 2788 1049 2844 ut
1068 2787 1197 2842 atcerte
1220 2785 1284 2858 ata,

112 2878 273 2952 quactum
292 2874 323 2931 in
346 2874 432 2932 initio
456 2874 599 2932 orationis
622 2876 696 2931 turn
712 2873 742 2931 in
766 2873 824 2932 fine
847 2873 939 2932 locari
962 2875 1097 2949 possunt.
1142 2872 1284 2947 Intelligo

113 2968 227 3036 autem,
251 2983 319 3021 eum
338 2963 410 3022 dicit
427 2982 530 3022 uocem
550 2981 609 3022 non
629 2962 858 3039 significativam
876 2982 930 3037 per
949 2981 994 3038 se,
1016 2979 1104 3021 voces
1127 2961 1284 3039 simplices,
1303 2968 1337 3015 30

114 3071 189 3131 quae
210 3051 380 3127 significant
397 3052 429 3110 in
447 3051 659 3127 compositione
682 3051 712 3110 id
737 3054 783 3110 est
806 3070 873 3110 curn
895 3052 1114 3127 componuntur
1132 3069 1199 3109 cum
1218 3050 1285 3108 aliis

113 3146 144 3200 et
164 3143 234 3201 sunt
253 3139 359 3200 literae
377 3160 487 3219 rerum,
505 3159 566 3198 non
584 3139 690 3198 literae
710 3139 871 3215 alphabeti.
909 3140 1055 3210 Quoniam
1074 3157 1161 3200 voces
1180 3157 1234 3214 per
1253 3157 1284 3198 se

114 3231 326 3308 significantes,
346 3248 422 3304 quae
443 3229 629 3305 expluribus
649 3232 786 3288 constent
804 3230 936 3305 vocibus,
956 3232 1026 3289 sunt
1045 3228 1222 3308 trisyllabae
1236 3229 1284 3288 vel
1393 3232 1395 3237 '

113 3319 355 3396 quadrisyllabae
375 3320 405 3378 et
420 3319 496 3377 aliae
510 3319 540 3377 id
555 3337 649 3394 genus
664 3318 838 3395 figurarum,
858 3339 934 3394 quae
950 3320 1068 3394 quidem
1088 3321 1159 3377 sunt
1176 3337 1285 3376 nomen

114 3414 145 3469 et
168 3410 303 3468 verbum.
347 3407 462 3467 Nomen
489 3408 609 3484 quidem
635 3414 682 3467 est
706 3427 764 3468 vox
788 3409 836 3466 uel
863 3409 951 3468 dictio
976 3427 1031 3482 per
1056 3426 1087 3466 se
1113 3407 1283 3483 significans
1303 3414 1337 3462 35

114 3499 228 3575 aliquid
247 3499 310 3556 sine
329 3499 475 3573 tempore,
498 3497 582 3555 cuius
606 3497 689 3555 nulla
708 3501 846 3573 separata
864 3500 981 3573 partem
998 3498 1042 3556 rei
1061 3497 1217 3575 significat.
1254 3499 1285 3556 et

114 3588 169 3646 hoc
183 3592 245 3646 tam
261 3587 446 3662 simplicibus
460 3586 629 3646 nominibus
644 3606 734 3662 quam
753 3587 924 3662 compositis
943 3605 1099 3646 commune
1115 3589 1169 3647 est.
1207 3586 1285 3644 Nam

85 3718 88 3727 ·
113 3677 267 3737 nominum
285 3676 516 3753 compositorum
537 3695 572 3735 ex
590 3676 705 3735 duobus
724 3676 893 3736 nominibus
914 3695 985 3735 usus
999 3695 1058 3736 non
1075 3679 1129 3749 est,
1148 3678 1183 3733 ut
1197 3694 1286 3752 quae-

112 3767 188 3825 libet
201 3784 271 3841 pars
287 3784 389 3825 eorum
404 3766 553 3844 significet
567 3770 683 3841 partem
699 3765 743 3824 rei
756 3765 938 3841 significatae
948 3784 1002 3840 per
1012 3767 1211 3841 aggregatum
1219 3765 1285 3824 illo-

112 3876 180 3915 rum
191 3855 317 3914 duorum
327 3854 490 3935 nominum,
505 3860 539 3914 ut
549 3874 652 3915 servus
667 3856 757 3932 regia,
776 3856 802 3914 si
816 3856 859 3914 ita
871 3857 1026 3931 contingat
1036 3856 1166 3930 aliquem
1176 3853 1284 3913 vocari.
1303 3861 1337 3908 40

203 4025 323 4080 4liber:
343 4024 426 4093 quod.
470 4026 668 4079 lateandem?
709 4026 794 4080 26111
813 4023 953 4094 margine:
975 4024 1021 4078 Ait
1038 4024 1185 4092 interpres.
1222 4023 1285 4077 Non

114 4094 462 4223 {ssffessnssffiffigffapitm
481 4097 555 4166 apud
575 4097 680 4151 Arabes
699 4099 730 4150 ut
753 4095 829 4165 apud
849 4096 968 4150 Graecos
992 4096 1110 4164 ideoque
1133 4111 1187 4149 non
1206 4094 1285 4164 peni-

205 4328 536 4383 1:-?-c:56b28.
610 4327 787 4383 10:56b31.
861 4329 1036 4382 14:56b34.
1105 4326 1284 4382 20:56b38.

115 4400 234 4451 25:57a
249 4402 273 4452 6.
346 4405 519 4455 35:57e10.
593 4404 712 4453 41:57e
727 4405 768 4454 14.
