<?xml version="1.0" encoding="UTF-8"?>
<!DOCTYPE html PUBLIC "-//W3C//DTD XHTML 1.0 Transitional//EN"
    "http://www.w3.org/TR/xhtml1/DTD/xhtml1-transitional.dtd">
<html xmlns="http://www.w3.org/1999/xhtml" xml:lang="en" lang="en">
 <head>
  <title>
</title>
<meta http-equiv="Content-Type" content="text/html;charset=utf-8" />
  <meta name='ocr-system' content='tesseract 3.04.00' />
  <meta name='ocr-capabilities' content='ocr_page ocr_carea ocr_par ocr_line ocrx_word'/>
</head>
<body>
  <div class='ocr_page' id='page_1' title='image "averroisparaphr00heidgoog_0016.png"; bbox 0 0 2946 4944; ppageno 0'>
   <div class='ocr_carea' id='block_1_1' title="bbox 300 203 1299 274">
    <p class='ocr_par' dir='ltr' id='par_1_1' title="bbox 300 203 1299 274">
     <span class='ocr_line' id='line_1_1' title="bbox 300 203 1299 274; baseline 0.003 -17"><span class='ocrx_word' id='word_1_1' title='bbox 300 205 429 260; x_wconf 85' lang='lat' dir='ltr'>Averrois</span> <span class='ocrx_word' id='word_1_2' title='bbox 448 203 629 274; x_wconf 77' lang='lat' dir='ltr'>paraphrasis</span> <span class='ocrx_word' id='word_1_3' title='bbox 648 203 679 256; x_wconf 92' lang='lat' dir='ltr'>in</span> <span class='ocrx_word' id='word_1_4' title='bbox 697 204 800 258; x_wconf 91' lang='lat' dir='ltr'>librum</span> <span class='ocrx_word' id='word_1_5' title='bbox 817 203 950 259; x_wconf 76' lang='lat' dir='ltr'>Poeticae</span> <span class='ocrx_word' id='word_1_6' title='bbox 969 205 1136 262; x_wconf 81' lang='lat' dir='ltr'>Aristotelis.</span> <span class='ocrx_word' id='word_1_7' title='bbox 1237 205 1299 270; x_wconf 85' lang='lat'>361</span> 
     </span>
    </p>
   </div>
   <div class='ocr_carea' id='block_1_2' title="bbox 133 374 1405 4012">
    <p class='ocr_par' dir='ltr' id='par_1_2' title="bbox 133 374 1405 881">
     <span class='ocr_line' id='line_1_2' title="bbox 134 374 1405 451; baseline 0.002 -19"><span class='ocrx_word' id='word_1_8' title='bbox 134 374 283 434; x_wconf 84' lang='lat' dir='ltr'>dationem</span> <span class='ocrx_word' id='word_1_9' title='bbox 307 393 359 433; x_wconf 91' lang='lat' dir='ltr'>seu</span> <span class='ocrx_word' id='word_1_10' title='bbox 383 376 570 450; x_wconf 85' lang='lat' dir='ltr'>apparatum.</span> <span class='ocrx_word' id='word_1_11' title='bbox 617 377 650 432; x_wconf 91' lang='lat' dir='ltr'>ut</span> <span class='ocrx_word' id='word_1_12' title='bbox 669 374 768 451; x_wconf 86' lang='lat' dir='ltr'>gratia</span> <span class='ocrx_word' id='word_1_13' title='bbox 787 374 915 448; x_wconf 87' lang='lat' dir='ltr'>exempli</span> <span class='ocrx_word' id='word_1_14' title='bbox 934 376 1012 449; x_wconf 91' lang='lat' dir='ltr'>quod</span> <span class='ocrx_word' id='word_1_15' title='bbox 1032 375 1140 450; x_wconf 88' lang='lat' dir='ltr'>aliquis</span> <span class='ocrx_word' id='word_1_16' title='bbox 1157 376 1191 434; x_wconf 90' lang='lat' dir='ltr'>fit</span> <span class='ocrx_word' id='word_1_17' title='bbox 1205 376 1303 434; x_wconf 89' lang='lat' dir='ltr'>laetus</span> <span class='ocrx_word' id='word_1_18' title='bbox 1403 383 1405 388; x_wconf 83' lang='lat'>&#39;</span> 
     </span>
     <span class='ocr_line' id='line_1_3' title="bbox 136 460 1303 540; baseline 0 -18"><span class='ocrx_word' id='word_1_19' title='bbox 136 482 169 522; x_wconf 90' lang='lat' dir='ltr'>ac</span> <span class='ocrx_word' id='word_1_20' title='bbox 187 463 302 540; x_wconf 90' lang='lat' dir='ltr'>hilaris,</span> <span class='ocrx_word' id='word_1_21' title='bbox 326 465 382 523; x_wconf 91' lang='lat' dir='ltr'>hoc</span> <span class='ocrx_word' id='word_1_22' title='bbox 402 463 521 540; x_wconf 90' lang='lat' dir='ltr'>quidem</span> <span class='ocrx_word' id='word_1_23' title='bbox 545 482 603 522; x_wconf 93' lang='lat' dir='ltr'>non</span> <span class='ocrx_word' id='word_1_24' title='bbox 623 460 773 538; x_wconf 85' lang='lat' dir='ltr'>reperitur</span> <span class='ocrx_word' id='word_1_25' title='bbox 791 464 822 521; x_wconf 93' lang='lat' dir='ltr'>in</span> <span class='ocrx_word' id='word_1_26' title='bbox 841 462 976 522; x_wconf 82' lang='lat' dir='ltr'>Arabum</span> <span class='ocrx_word' id='word_1_27' title='bbox 995 464 1185 524; x_wconf 86' lang='lat' dir='ltr'>carminibus.</span> <span class='ocrx_word' id='word_1_28' title='bbox 1222 469 1254 524; x_wconf 89' lang='lat' dir='ltr'>at</span> <span class='ocrx_word' id='word_1_29' title='bbox 1272 465 1303 522; x_wconf 92' lang='lat' dir='ltr'>in</span> 
     </span>
     <span class='ocr_line' id='line_1_4' title="bbox 135 552 1304 627; baseline 0.001 -17"><span class='ocrx_word' id='word_1_30' title='bbox 135 553 319 612; x_wconf 80' lang='lat' dir='ltr'>sermonibus</span> <span class='ocrx_word' id='word_1_31' title='bbox 339 552 516 610; x_wconf 70' lang='lat' dir='ltr'>laudatoriis</span> <span class='ocrx_word' id='word_1_32' title='bbox 539 552 612 610; x_wconf 88' lang='lat' dir='ltr'>haec</span> <span class='ocrx_word' id='word_1_33' title='bbox 636 552 694 610; x_wconf 88' lang='lat' dir='ltr'>duo</span> <span class='ocrx_word' id='word_1_34' title='bbox 720 553 923 627; x_wconf 88' lang='lat' dir='ltr'>reperiuntur:</span> <span class='ocrx_word' id='word_1_35' title='bbox 947 572 1169 627; x_wconf 81' lang='lat' dir='ltr'>nempe-mores</span> <span class='ocrx_word' id='word_1_36' title='bbox 1189 557 1220 612; x_wconf 91' lang='lat' dir='ltr'>et</span> <span class='ocrx_word' id='word_1_37' title='bbox 1239 573 1304 613; x_wconf 90' lang='lat' dir='ltr'>sen-</span> 
     </span>
     <span class='ocr_line' id='line_1_5' title="bbox 133 641 1303 718; baseline 0.001 -18"><span class='ocrx_word' id='word_1_38' title='bbox 133 643 255 701; x_wconf 88' lang='lat' dir='ltr'>tentiae.</span> <span class='ocrx_word' id='word_1_39' title='bbox 292 641 397 700; x_wconf 83' lang='lat' dir='ltr'>Trium</span> <span class='ocrx_word' id='word_1_40' title='bbox 416 661 486 700; x_wconf 86' lang='lat' dir='ltr'>vero</span> <span class='ocrx_word' id='word_1_41' title='bbox 510 642 693 716; x_wconf 90' lang='lat' dir='ltr'>reliquorum</span> <span class='ocrx_word' id='word_1_42' title='bbox 717 660 870 718; x_wconf 90' lang='lat' dir='ltr'>generum,</span> <span class='ocrx_word' id='word_1_43' title='bbox 894 645 1070 718; x_wconf 89' lang='lat' dir='ltr'>quaesunt,</span> <span class='ocrx_word' id='word_1_44' title='bbox 1093 642 1303 702; x_wconf 87' lang='lat' dir='ltr'>indiciumsu-</span> 
     </span>
     <span class='ocr_line' id='line_1_6' title="bbox 134 730 1338 807; baseline 0.002 -19"><span class='ocrx_word' id='word_1_45' title='bbox 134 731 226 789; x_wconf 92' lang='lat' dir='ltr'>mitur</span> <span class='ocrx_word' id='word_1_46' title='bbox 245 731 397 790; x_wconf 86' lang='lat' dir='ltr'>extribus</span> <span class='ocrx_word' id='word_1_47' title='bbox 416 731 514 804; x_wconf 88' lang='lat' dir='ltr'>rebus,</span> <span class='ocrx_word' id='word_1_48' title='bbox 539 749 613 806; x_wconf 89' lang='lat' dir='ltr'>quas</span> <span class='ocrx_word' id='word_1_49' title='bbox 637 731 800 806; x_wconf 74' lang='lat' dir='ltr'>imitamur,</span> <span class='ocrx_word' id='word_1_50' title='bbox 825 730 939 790; x_wconf 90' lang='lat' dir='ltr'>scilicet</span> <span class='ocrx_word' id='word_1_51' title='bbox 958 731 1136 807; x_wconf 84' lang='lat' dir='ltr'>fabularum,</span> <span class='ocrx_word' id='word_1_52' title='bbox 1160 733 1303 791; x_wconf 85' lang='lat' dir='ltr'>melodiae</span> <span class='ocrx_word' id='word_1_53' title='bbox 1323 743 1338 790; x_wconf 84' lang='lat'>5</span> 
     </span>
     <span class='ocr_line' id='line_1_7' title="bbox 134 820 281 881; baseline 0.02 -3"><span class='ocrx_word' id='word_1_54' title='bbox 134 823 165 880; x_wconf 90' lang='lat' dir='ltr'>et</span> <span class='ocrx_word' id='word_1_55' title='bbox 182 820 281 881; x_wconf 90' lang='lat' dir='ltr'>metri.</span> 
     </span>
    </p>

    <p class='ocr_par' dir='ltr' id='par_1_3' title="bbox 134 908 1358 1431">
     <span class='ocr_line' id='line_1_8' title="bbox 227 908 1304 986; baseline 0.002 -20"><span class='ocrx_word' id='word_1_56' title='bbox 227 908 395 986; x_wconf 83' lang='lat' dir='ltr'>14.Inquit.</span> <span class='ocrx_word' id='word_1_57' title='bbox 414 910 547 976; x_wconf 84' lang='lat' dir='ltr'>Fabulae</span> <span class='ocrx_word' id='word_1_58' title='bbox 557 910 658 984; x_wconf 89' lang='lat' dir='ltr'>partes</span> <span class='ocrx_word' id='word_1_59' title='bbox 667 909 786 984; x_wconf 90' lang='lat' dir='ltr'>quidem</span> <span class='ocrx_word' id='word_1_60' title='bbox 798 909 875 969; x_wconf 89' lang='lat' dir='ltr'>duae</span> <span class='ocrx_word' id='word_1_61' title='bbox 884 913 964 970; x_wconf 75' lang='lat' dir='ltr'>sunt,</span> <span class='ocrx_word' id='word_1_62' title='bbox 983 909 1079 969; x_wconf 90' lang='lat' dir='ltr'>omnis</span> <span class='ocrx_word' id='word_1_63' title='bbox 1089 909 1168 967; x_wconf 91' lang='lat' dir='ltr'>enim</span> <span class='ocrx_word' id='word_1_64' title='bbox 1176 908 1304 968; x_wconf 90' lang='lat' dir='ltr'>imitatio</span> 
     </span>
     <span class='ocr_line' id='line_1_9' title="bbox 135 998 1305 1076; baseline 0 -20"><span class='ocrx_word' id='word_1_65' title='bbox 135 1001 191 1073; x_wconf 88' lang='lat' dir='ltr'>est,</span> <span class='ocrx_word' id='word_1_66' title='bbox 209 999 258 1058; x_wconf 90' lang='lat' dir='ltr'>vel</span> <span class='ocrx_word' id='word_1_67' title='bbox 275 1017 333 1076; x_wconf 89' lang='lat' dir='ltr'>qua</span> <span class='ocrx_word' id='word_1_68' title='bbox 348 1017 419 1057; x_wconf 89' lang='lat' dir='ltr'>suae</span> <span class='ocrx_word' id='word_1_69' title='bbox 437 998 599 1057; x_wconf 83' lang='lat' dir='ltr'>imitationi</span> <span class='ocrx_word' id='word_1_70' title='bbox 617 999 804 1073; x_wconf 92' lang='lat' dir='ltr'>propositum</span> <span class='ocrx_word' id='word_1_71' title='bbox 825 999 864 1057; x_wconf 93' lang='lat' dir='ltr'>sit</span> <span class='ocrx_word' id='word_1_72' title='bbox 887 999 969 1057; x_wconf 88' lang='lat' dir='ltr'>aliud</span> <span class='ocrx_word' id='word_1_73' title='bbox 983 999 1136 1075; x_wconf 86' lang='lat' dir='ltr'>quippiam</span> <span class='ocrx_word' id='word_1_74' title='bbox 1154 998 1305 1057; x_wconf 86' lang='lat' dir='ltr'>imitatum</span> 
     </span>
     <span class='ocr_line' id='line_1_10' title="bbox 135 1087 1305 1164; baseline -0.001 -18"><span class='ocrx_word' id='word_1_75' title='bbox 135 1089 365 1164; x_wconf 86' lang='lat' dir='ltr'>confictumque:</span> <span class='ocrx_word' id='word_1_76' title='bbox 390 1108 458 1147; x_wconf 82' lang='lat' dir='ltr'>mox</span> <span class='ocrx_word' id='word_1_77' title='bbox 477 1107 514 1147; x_wconf 86' lang='lat' dir='ltr'>ex</span> <span class='ocrx_word' id='word_1_78' title='bbox 536 1088 588 1146; x_wconf 93' lang='lat' dir='ltr'>illo</span> <span class='ocrx_word' id='word_1_79' title='bbox 613 1087 813 1146; x_wconf 89' lang='lat' dir='ltr'>transferatur</span> <span class='ocrx_word' id='word_1_80' title='bbox 831 1089 868 1146; x_wconf 89' lang='lat' dir='ltr'>ad</span> <span class='ocrx_word' id='word_1_81' title='bbox 887 1088 971 1146; x_wconf 88' lang='lat' dir='ltr'>illam</span> <span class='ocrx_word' id='word_1_82' title='bbox 993 1088 1192 1146; x_wconf 89' lang='lat' dir='ltr'>imitationem</span> <span class='ocrx_word' id='word_1_83' title='bbox 1210 1107 1305 1164; x_wconf 90' lang='lat' dir='ltr'>suam,</span> 
     </span>
     <span class='ocr_line' id='line_1_11' title="bbox 135 1175 1358 1253; baseline 0.001 -19"><span class='ocrx_word' id='word_1_84' title='bbox 135 1178 213 1253; x_wconf 91' lang='lat' dir='ltr'>quod</span> <span class='ocrx_word' id='word_1_85' title='bbox 232 1178 312 1252; x_wconf 89' lang='lat' dir='ltr'>apud</span> <span class='ocrx_word' id='word_1_86' title='bbox 332 1176 461 1236; x_wconf 78' lang='lat' dir='ltr'>Graecos</span> <span class='ocrx_word' id='word_1_87' title='bbox 480 1175 644 1251; x_wconf 88' lang='lat' dir='ltr'>peripetiac</span> <span class='ocrx_word' id='word_1_88' title='bbox 669 1176 778 1235; x_wconf 92' lang='lat' dir='ltr'>dicitur</span> <span class='ocrx_word' id='word_1_89' title='bbox 800 1177 831 1234; x_wconf 92' lang='lat' dir='ltr'>id</span> <span class='ocrx_word' id='word_1_90' title='bbox 851 1180 898 1235; x_wconf 91' lang='lat' dir='ltr'>est</span> <span class='ocrx_word' id='word_1_91' title='bbox 916 1180 1041 1238; x_wconf 83' lang='lat' dir='ltr'>eventus</span> <span class='ocrx_word' id='word_1_92' title='bbox 1061 1178 1091 1235; x_wconf 92' lang='lat' dir='ltr'>in</span> <span class='ocrx_word' id='word_1_93' title='bbox 1110 1177 1305 1236; x_wconf 89' lang='lat' dir='ltr'>contrarium:</span> <span class='ocrx_word' id='word_1_94' title='bbox 1327 1190 1358 1235; x_wconf 83' lang='lat' dir='ltr'>lo</span> 
     </span>
     <span class='ocr_line' id='line_1_12' title="bbox 134 1265 1305 1343; baseline 0.001 -19"><span class='ocrx_word' id='word_1_95' title='bbox 134 1271 188 1325; x_wconf 89' lang='lat' dir='ltr'>aut</span> <span class='ocrx_word' id='word_1_96' title='bbox 211 1267 290 1342; x_wconf 92' lang='lat' dir='ltr'>quod</span> <span class='ocrx_word' id='word_1_97' title='bbox 314 1267 427 1332; x_wconf 85' lang='lat' dir='ltr'>eadem¹</span> <span class='ocrx_word' id='word_1_98' title='bbox 441 1284 489 1324; x_wconf 90' lang='lat' dir='ltr'>res</span> <span class='ocrx_word' id='word_1_99' title='bbox 514 1265 716 1343; x_wconf 89' lang='lat' dir='ltr'>confingatur,</span> <span class='ocrx_word' id='word_1_100' title='bbox 740 1270 861 1341; x_wconf 88' lang='lat' dir='ltr'>praeter</span> <span class='ocrx_word' id='word_1_101' title='bbox 884 1266 963 1342; x_wconf 92' lang='lat' dir='ltr'>quod</span> <span class='ocrx_word' id='word_1_102' title='bbox 986 1265 1123 1325; x_wconf 85' lang='lat' dir='ltr'>devietur</span> <span class='ocrx_word' id='word_1_103' title='bbox 1145 1266 1183 1326; x_wconf 86' lang='lat' dir='ltr'>ad</span> <span class='ocrx_word' id='word_1_104' title='bbox 1206 1267 1305 1325; x_wconf 92' lang='lat' dir='ltr'>imita-</span> 
     </span>
     <span class='ocr_line' id='line_1_13' title="bbox 135 1354 1088 1431; baseline 0.001 -18"><span class='ocrx_word' id='word_1_105' title='bbox 135 1357 247 1414; x_wconf 90' lang='lat' dir='ltr'>tionem</span> <span class='ocrx_word' id='word_1_106' title='bbox 267 1355 410 1414; x_wconf 89' lang='lat' dir='ltr'>contrarii</span> <span class='ocrx_word' id='word_1_107' title='bbox 429 1357 459 1414; x_wconf 90' lang='lat' dir='ltr'>et</span> <span class='ocrx_word' id='word_1_108' title='bbox 478 1355 533 1413; x_wconf 92' lang='lat' dir='ltr'>hoc</span> <span class='ocrx_word' id='word_1_109' title='bbox 553 1355 788 1430; x_wconf 86' lang='lat' dir='ltr'>assumptionem</span> <span class='ocrx_word' id='word_1_110' title='bbox 807 1354 907 1414; x_wconf 90' lang='lat' dir='ltr'>indicii</span> <span class='ocrx_word' id='word_1_111' title='bbox 926 1355 1088 1431; x_wconf 89' lang='lat' dir='ltr'>appellant.</span> 
     </span>
    </p>

    <p class='ocr_par' dir='ltr' id='par_1_4' title="bbox 135 1443 1359 2143">
     <span class='ocr_line' id='line_1_14' title="bbox 226 1443 1305 1521; baseline 0.002 -20"><span class='ocrx_word' id='word_1_112' title='bbox 226 1444 276 1503; x_wconf 84' lang='lat'>15.</span> <span class='ocrx_word' id='word_1_113' title='bbox 290 1444 400 1519; x_wconf 91' lang='lat' dir='ltr'>Inquit.</span> <span class='ocrx_word' id='word_1_114' title='bbox 436 1443 552 1502; x_wconf 83' lang='lat' dir='ltr'>Fabula</span> <span class='ocrx_word' id='word_1_115' title='bbox 568 1446 615 1502; x_wconf 89' lang='lat' dir='ltr'>est</span> <span class='ocrx_word' id='word_1_116' title='bbox 633 1444 810 1521; x_wconf 89' lang='lat' dir='ltr'>principium</span> <span class='ocrx_word' id='word_1_117' title='bbox 831 1464 865 1504; x_wconf 91' lang='lat' dir='ltr'>ac</span> <span class='ocrx_word' id='word_1_118' title='bbox 884 1445 980 1505; x_wconf 90' lang='lat' dir='ltr'>veluti</span> <span class='ocrx_word' id='word_1_119' title='bbox 994 1444 1093 1502; x_wconf 85' lang='lat' dir='ltr'>anima</span> <span class='ocrx_word' id='word_1_120' title='bbox 1108 1444 1305 1521; x_wconf 82' lang='lat' dir='ltr'>Tragoediae3</span> 
     </span>
     <span class='ocr_line' id='line_1_15' title="bbox 136 1532 1304 1610; baseline 0.001 -19"><span class='ocrx_word' id='word_1_121' title='bbox 136 1534 265 1592; x_wconf 90' lang='lat' dir='ltr'>secundo</span> <span class='ocrx_word' id='word_1_122' title='bbox 275 1534 340 1592; x_wconf 94' lang='lat' dir='ltr'>loco</span> <span class='ocrx_word' id='word_1_123' title='bbox 351 1553 460 1593; x_wconf 91' lang='lat' dir='ltr'>mores:</span> <span class='ocrx_word' id='word_1_124' title='bbox 476 1532 525 1592; x_wconf 90' lang='lat' dir='ltr'>cui</span> <span class='ocrx_word' id='word_1_125' title='bbox 538 1536 658 1608; x_wconf 87' lang='lat' dir='ltr'>praeest</span> <span class='ocrx_word' id='word_1_126' title='bbox 670 1534 806 1605; x_wconf 85' lang='lat' dir='ltr'>imitatio,</span> <span class='ocrx_word' id='word_1_127' title='bbox 822 1534 851 1592; x_wconf 91' lang='lat' dir='ltr'>id</span> <span class='ocrx_word' id='word_1_128' title='bbox 863 1538 909 1593; x_wconf 91' lang='lat' dir='ltr'>est</span> <span class='ocrx_word' id='word_1_129' title='bbox 923 1553 998 1610; x_wconf 89' lang='lat' dir='ltr'>quos</span> <span class='ocrx_word' id='word_1_130' title='bbox 1012 1533 1156 1594; x_wconf 87' lang='lat' dir='ltr'>imitatur.</span> <span class='ocrx_word' id='word_1_131' title='bbox 1175 1532 1304 1592; x_wconf 88' lang='lat' dir='ltr'>imitatio</span> 
     </span>
     <span class='ocr_line' id='line_1_16' title="bbox 136 1622 1358 1699; baseline 0.001 -19"><span class='ocrx_word' id='word_1_132' title='bbox 136 1622 215 1680; x_wconf 90' lang='lat' dir='ltr'>enim</span> <span class='ocrx_word' id='word_1_133' title='bbox 234 1623 281 1680; x_wconf 88' lang='lat' dir='ltr'>cst</span> <span class='ocrx_word' id='word_1_134' title='bbox 298 1622 379 1681; x_wconf 88' lang='lat' dir='ltr'>basis</span> <span class='ocrx_word' id='word_1_135' title='bbox 398 1627 429 1681; x_wconf 93' lang='lat' dir='ltr'>et</span> <span class='ocrx_word' id='word_1_136' title='bbox 447 1623 626 1699; x_wconf 88' lang='lat' dir='ltr'>principium</span> <span class='ocrx_word' id='word_1_137' title='bbox 645 1623 734 1681; x_wconf 92' lang='lat' dir='ltr'>huius</span> <span class='ocrx_word' id='word_1_138' title='bbox 753 1623 841 1681; x_wconf 87' lang='lat' dir='ltr'>artis:</span> <span class='ocrx_word' id='word_1_139' title='bbox 864 1623 1013 1698; x_wconf 90' lang='lat' dir='ltr'>quianon</span> <span class='ocrx_word' id='word_1_140' title='bbox 1032 1622 1067 1679; x_wconf 90' lang='lat' dir='ltr'>lit</span> <span class='ocrx_word' id='word_1_141' title='bbox 1085 1623 1244 1682; x_wconf 79' lang='lat' dir='ltr'>delectatio</span> <span class='ocrx_word' id='word_1_142' title='bbox 1264 1622 1302 1681; x_wconf 91' lang='lat' dir='ltr'>ob</span> <span class='ocrx_word' id='word_1_143' title='bbox 1329 1634 1358 1681; x_wconf 86' lang='lat'>15</span> 
     </span>
     <span class='ocr_line' id='line_1_17' title="bbox 136 1711 1305 1788; baseline 0 -19"><span class='ocrx_word' id='word_1_144' title='bbox 136 1711 312 1770; x_wconf 88' lang='lat' dir='ltr'>relationem</span> <span class='ocrx_word' id='word_1_145' title='bbox 335 1712 388 1787; x_wconf 92' lang='lat' dir='ltr'>rei,</span> <span class='ocrx_word' id='word_1_146' title='bbox 412 1731 501 1788; x_wconf 91' lang='lat' dir='ltr'>quam</span> <span class='ocrx_word' id='word_1_147' title='bbox 526 1711 638 1770; x_wconf 87' lang='lat' dir='ltr'>referre</span> <span class='ocrx_word' id='word_1_148' title='bbox 663 1712 826 1786; x_wconf 90' lang='lat' dir='ltr'>quaeritur,</span> <span class='ocrx_word' id='word_1_149' title='bbox 851 1711 909 1771; x_wconf 91' lang='lat' dir='ltr'>nisi</span> <span class='ocrx_word' id='word_1_150' title='bbox 932 1711 1131 1787; x_wconf 90' lang='lat' dir='ltr'>confingatur:</span> <span class='ocrx_word' id='word_1_151' title='bbox 1156 1712 1207 1770; x_wconf 90' lang='lat' dir='ltr'>sed</span> <span class='ocrx_word' id='word_1_152' title='bbox 1232 1714 1305 1771; x_wconf 91' lang='lat' dir='ltr'>bene</span> 
     </span>
     <span class='ocr_line' id='line_1_18' title="bbox 136 1799 1305 1875; baseline 0.001 -18"><span class='ocrx_word' id='word_1_153' title='bbox 136 1800 170 1859; x_wconf 92' lang='lat' dir='ltr'>fit</span> <span class='ocrx_word' id='word_1_154' title='bbox 195 1799 352 1859; x_wconf 79' lang='lat' dir='ltr'>delectatio</span> <span class='ocrx_word' id='word_1_155' title='bbox 379 1802 410 1858; x_wconf 88' lang='lat' dir='ltr'>et</span> <span class='ocrx_word' id='word_1_156' title='bbox 437 1801 568 1875; x_wconf 83' lang='lat' dir='ltr'>receptio</span> <span class='ocrx_word' id='word_1_157' title='bbox 596 1800 688 1874; x_wconf 89' lang='lat' dir='ltr'>illius,</span> <span class='ocrx_word' id='word_1_158' title='bbox 717 1800 788 1857; x_wconf 91' lang='lat' dir='ltr'>dum</span> <span class='ocrx_word' id='word_1_159' title='bbox 816 1800 1004 1875; x_wconf 88' lang='lat' dir='ltr'>confingitur.</span> <span class='ocrx_word' id='word_1_160' title='bbox 1052 1802 1083 1859; x_wconf 91' lang='lat' dir='ltr'>et</span> <span class='ocrx_word' id='word_1_161' title='bbox 1109 1799 1217 1859; x_wconf 90' lang='lat' dir='ltr'>idcirco</span> <span class='ocrx_word' id='word_1_162' title='bbox 1246 1820 1305 1859; x_wconf 92' lang='lat' dir='ltr'>non</span> 
     </span>
     <span class='ocr_line' id='line_1_19' title="bbox 135 1888 1307 1966; baseline 0.001 -20"><span class='ocrx_word' id='word_1_163' title='bbox 135 1907 228 1964; x_wconf 87' lang='lat' dir='ltr'>aeque</span> <span class='ocrx_word' id='word_1_164' title='bbox 251 1889 426 1965; x_wconf 84' lang='lat' dir='ltr'>delectabit,</span> <span class='ocrx_word' id='word_1_165' title='bbox 455 1889 481 1947; x_wconf 92' lang='lat' dir='ltr'>si</span> <span class='ocrx_word' id='word_1_166' title='bbox 505 1889 571 1964; x_wconf 91' lang='lat' dir='ltr'>quis</span> <span class='ocrx_word' id='word_1_167' title='bbox 594 1888 671 1947; x_wconf 83' lang='lat' dir='ltr'>fucis</span> <span class='ocrx_word' id='word_1_168' title='bbox 695 1888 902 1963; x_wconf 88' lang='lat' dir='ltr'>pulcherrimis</span> <span class='ocrx_word' id='word_1_169' title='bbox 926 1889 1061 1947; x_wconf 87' lang='lat' dir='ltr'>tabulam</span> <span class='ocrx_word' id='word_1_170' title='bbox 1085 1888 1175 1948; x_wconf 86' lang='lat' dir='ltr'>fusim</span> <span class='ocrx_word' id='word_1_171' title='bbox 1199 1889 1307 1966; x_wconf 82' lang='lat' dir='ltr'>illinet,</span> 
     </span>
     <span class='ocr_line' id='line_1_20' title="bbox 135 1976 1307 2054; baseline 0.001 -18"><span class='ocrx_word' id='word_1_172' title='bbox 135 1997 168 2036; x_wconf 87' lang='lat' dir='ltr'>ac</span> <span class='ocrx_word' id='word_1_173' title='bbox 188 1980 212 2037; x_wconf 90' lang='lat' dir='ltr'>si</span> <span class='ocrx_word' id='word_1_174' title='bbox 235 1978 398 2054; x_wconf 87' lang='lat' dir='ltr'>imaginem</span> <span class='ocrx_word' id='word_1_175' title='bbox 422 1978 491 2036; x_wconf 86' lang='lat' dir='ltr'>albo</span> <span class='ocrx_word' id='word_1_176' title='bbox 514 1978 634 2035; x_wconf 89' lang='lat' dir='ltr'>tantum</span> <span class='ocrx_word' id='word_1_177' title='bbox 658 1976 841 2037; x_wconf 84' lang='lat' dir='ltr'>distinxerit:</span> <span class='ocrx_word' id='word_1_178' title='bbox 865 1977 991 2053; x_wconf 90' lang='lat' dir='ltr'>ideoque</span> <span class='ocrx_word' id='word_1_179' title='bbox 1015 1977 1151 2037; x_wconf 91' lang='lat' dir='ltr'>homines</span> <span class='ocrx_word' id='word_1_180' title='bbox 1170 1982 1307 2037; x_wconf 84' lang='lat' dir='ltr'>exercent</span> 
     </span>
     <span class='ocr_line' id='line_1_21' title="bbox 135 2065 1359 2143; baseline 0.002 -19"><span class='ocrx_word' id='word_1_181' title='bbox 135 2071 231 2125; x_wconf 90' lang='lat' dir='ltr'>artem</span> <span class='ocrx_word' id='word_1_182' title='bbox 249 2066 393 2141; x_wconf 89' lang='lat' dir='ltr'>pingendi</span> <span class='ocrx_word' id='word_1_183' title='bbox 411 2066 557 2143; x_wconf 85' lang='lat' dir='ltr'>imagines</span> <span class='ocrx_word' id='word_1_184' title='bbox 578 2069 609 2124; x_wconf 91' lang='lat' dir='ltr'>et</span> <span class='ocrx_word' id='word_1_185' title='bbox 626 2065 767 2140; x_wconf 89' lang='lat' dir='ltr'>picturas.</span> <span class='ocrx_word' id='word_1_186' title='bbox 1327 2082 1359 2128; x_wconf 80' lang='lat' dir='ltr'>rc</span> 
     </span>
    </p>

    <p class='ocr_par' dir='ltr' id='par_1_5' title="bbox 134 2155 1359 2765">
     <span class='ocr_line' id='line_1_22' title="bbox 226 2155 1307 2232; baseline 0.003 -19"><span class='ocrx_word' id='word_1_187' title='bbox 226 2158 276 2213; x_wconf 87' lang='grc'>16.</span> <span class='ocrx_word' id='word_1_188' title='bbox 291 2155 392 2214; x_wconf 86' lang='lat' dir='ltr'>Tertia</span> <span class='ocrx_word' id='word_1_189' title='bbox 406 2159 507 2214; x_wconf 89' lang='lat' dir='ltr'>autem</span> <span class='ocrx_word' id='word_1_190' title='bbox 522 2155 692 2232; x_wconf 85' lang='lat' dir='ltr'>tragoediae</span> <span class='ocrx_word' id='word_1_191' title='bbox 708 2174 785 2232; x_wconf 86' lang='lat' dir='ltr'>pars,</span> <span class='ocrx_word' id='word_1_192' title='bbox 801 2175 877 2231; x_wconf 91' lang='lat' dir='ltr'>quae</span> <span class='ocrx_word' id='word_1_193' title='bbox 894 2157 1053 2216; x_wconf 88' lang='lat' dir='ltr'>secundam</span> <span class='ocrx_word' id='word_1_194' title='bbox 1068 2156 1244 2231; x_wconf 89' lang='lat' dir='ltr'>insequitur,</span> <span class='ocrx_word' id='word_1_195' title='bbox 1261 2160 1307 2216; x_wconf 88' lang='lat' dir='ltr'>est</span> 
     </span>
     <span class='ocr_line' id='line_1_23' title="bbox 135 2245 1306 2321; baseline 0.003 -20"><span class='ocrx_word' id='word_1_196' title='bbox 135 2245 200 2321; x_wconf 91' lang='lat' dir='ltr'>ipsa</span> <span class='ocrx_word' id='word_1_197' title='bbox 220 2245 376 2305; x_wconf 88' lang='lat' dir='ltr'>sententia.</span> <span class='ocrx_word' id='word_1_198' title='bbox 413 2246 485 2303; x_wconf 86' lang='lat' dir='ltr'>lraec</span> <span class='ocrx_word' id='word_1_199' title='bbox 504 2248 605 2303; x_wconf 87' lang='lat' dir='ltr'>autem</span> <span class='ocrx_word' id='word_1_200' title='bbox 631 2248 677 2303; x_wconf 91' lang='lat' dir='ltr'>est</span> <span class='ocrx_word' id='word_1_201' title='bbox 700 2263 787 2320; x_wconf 90' lang='lat' dir='ltr'>posse</span> <span class='ocrx_word' id='word_1_202' title='bbox 812 2246 960 2321; x_wconf 83' lang='lat' dir='ltr'>explicare</span> <span class='ocrx_word' id='word_1_203' title='bbox 984 2265 1060 2321; x_wconf 90' lang='lat' dir='ltr'>quae</span> <span class='ocrx_word' id='word_1_204' title='bbox 1079 2246 1193 2304; x_wconf 89' lang='lat' dir='ltr'>instant</span> <span class='ocrx_word' id='word_1_205' title='bbox 1216 2247 1306 2321; x_wconf 87' lang='lat' dir='ltr'>atque</span> 
     </span>
     <span class='ocr_line' id='line_1_24' title="bbox 135 2333 1307 2411; baseline 0.002 -20"><span class='ocrx_word' id='word_1_206' title='bbox 135 2333 290 2409; x_wconf 88' lang='lat' dir='ltr'>quadrant,</span> <span class='ocrx_word' id='word_1_207' title='bbox 314 2334 344 2392; x_wconf 92' lang='lat' dir='ltr'>id</span> <span class='ocrx_word' id='word_1_208' title='bbox 364 2334 538 2394; x_wconf 89' lang='lat' dir='ltr'>esthabere</span> <span class='ocrx_word' id='word_1_209' title='bbox 557 2333 616 2393; x_wconf 90' lang='lat' dir='ltr'>vim</span> <span class='ocrx_word' id='word_1_210' title='bbox 636 2334 772 2392; x_wconf 87' lang='lat' dir='ltr'>imitandi</span> <span class='ocrx_word' id='word_1_211' title='bbox 791 2335 830 2411; x_wconf 91' lang='lat' dir='ltr'>id,</span> <span class='ocrx_word' id='word_1_212' title='bbox 855 2336 933 2410; x_wconf 91' lang='lat' dir='ltr'>quod</span> <span class='ocrx_word' id='word_1_213' title='bbox 957 2335 1002 2393; x_wconf 86' lang='lat' dir='ltr'>ita</span> <span class='ocrx_word' id='word_1_214' title='bbox 1021 2353 1052 2393; x_wconf 91' lang='lat' dir='ltr'>se</span> <span class='ocrx_word' id='word_1_215' title='bbox 1072 2335 1163 2393; x_wconf 89' lang='lat' dir='ltr'>habet</span> <span class='ocrx_word' id='word_1_216' title='bbox 1182 2335 1230 2394; x_wconf 90' lang='lat' dir='ltr'>vel</span> <span class='ocrx_word' id='word_1_217' title='bbox 1248 2354 1307 2393; x_wconf 91' lang='lat' dir='ltr'>non</span> 
     </span>
     <span class='ocr_line' id='line_1_25' title="bbox 134 2423 1307 2499; baseline 0.002 -19"><span class='ocrx_word' id='word_1_218' title='bbox 134 2423 178 2481; x_wconf 88' lang='lat' dir='ltr'>ita</span> <span class='ocrx_word' id='word_1_219' title='bbox 197 2443 228 2482; x_wconf 91' lang='lat' dir='ltr'>se</span> <span class='ocrx_word' id='word_1_220' title='bbox 248 2423 348 2483; x_wconf 88' lang='lat' dir='ltr'>habet.</span> <span class='ocrx_word' id='word_1_221' title='bbox 384 2424 440 2482; x_wconf 93' lang='lat' dir='ltr'>hoc</span> <span class='ocrx_word' id='word_1_222' title='bbox 463 2426 566 2481; x_wconf 88' lang='lat' dir='ltr'>autem</span> <span class='ocrx_word' id='word_1_223' title='bbox 589 2425 635 2481; x_wconf 90' lang='lat' dir='ltr'>est</span> <span class='ocrx_word' id='word_1_224' title='bbox 658 2424 811 2498; x_wconf 91' lang='lat' dir='ltr'>proprium</span> <span class='ocrx_word' id='word_1_225' title='bbox 833 2442 941 2483; x_wconf 90' lang='lat' dir='ltr'>munus</span> <span class='ocrx_word' id='word_1_226' title='bbox 960 2424 1055 2499; x_wconf 88' lang='lat' dir='ltr'>ipsius</span> <span class='ocrx_word' id='word_1_227' title='bbox 1074 2425 1250 2483; x_wconf 85' lang='lat' dir='ltr'>Rhetoricae</span> <span class='ocrx_word' id='word_1_228' title='bbox 1269 2425 1307 2482; x_wconf 87' lang='lat' dir='ltr'>ad</span> 
     </span>
     <span class='ocr_line' id='line_1_26' title="bbox 135 2512 1359 2588; baseline 0.002 -18"><span class='ocrx_word' id='word_1_229' title='bbox 135 2512 322 2587; x_wconf 89' lang='lat' dir='ltr'>probandum</span> <span class='ocrx_word' id='word_1_230' title='bbox 342 2513 455 2588; x_wconf 87' lang='lat' dir='ltr'>aliquid</span> <span class='ocrx_word' id='word_1_231' title='bbox 475 2530 540 2570; x_wconf 88' lang='lat' dir='ltr'>esse</span> <span class='ocrx_word' id='word_1_232' title='bbox 559 2512 608 2571; x_wconf 90' lang='lat' dir='ltr'>vel</span> <span class='ocrx_word' id='word_1_233' title='bbox 631 2530 690 2570; x_wconf 91' lang='lat' dir='ltr'>non</span> <span class='ocrx_word' id='word_1_234' title='bbox 709 2530 782 2570; x_wconf 91' lang='lat' dir='ltr'>esse.</span> <span class='ocrx_word' id='word_1_235' title='bbox 820 2532 925 2572; x_wconf 91' lang='lat' dir='ltr'>verum</span> <span class='ocrx_word' id='word_1_236' title='bbox 944 2513 1102 2572; x_wconf 86' lang='lat' dir='ltr'>Rhetorica</span> <span class='ocrx_word' id='word_1_237' title='bbox 1120 2513 1151 2571; x_wconf 87' lang='lat' dir='ltr'>id</span> <span class='ocrx_word' id='word_1_238' title='bbox 1171 2532 1306 2572; x_wconf 89' lang='lat' dir='ltr'>sermone</span> <span class='ocrx_word' id='word_1_239' title='bbox 1327 2527 1359 2572; x_wconf 76' lang='lat' dir='ltr'>as</span> 
     </span>
     <span class='ocr_line' id='line_1_27' title="bbox 135 2591 1306 2676; baseline 0.001 -17"><span class='ocrx_word' id='word_1_240' title='bbox 135 2602 309 2676; x_wconf 82' lang='lat' dir='ltr'>persuasivo</span> <span class='ocrx_word' id='word_1_241' title='bbox 333 2591 450 2676; x_wconf 83' lang='lat' dir='ltr'>probat,</span> <span class='ocrx_word' id='word_1_242' title='bbox 473 2600 595 2660; x_wconf 88' lang='lat' dir='ltr'>Poetica</span> <span class='ocrx_word' id='word_1_243' title='bbox 617 2619 689 2660; x_wconf 86' lang='lat' dir='ltr'>vero</span> <span class='ocrx_word' id='word_1_244' title='bbox 715 2620 850 2660; x_wconf 85' lang='lat' dir='ltr'>sermone</span> <span class='ocrx_word' id='word_1_245' title='bbox 873 2601 1030 2661; x_wconf 83' lang='lat' dir='ltr'>imitativa.</span> <span class='ocrx_word' id='word_1_246' title='bbox 1067 2620 1156 2676; x_wconf 89' lang='lat' dir='ltr'>porro</span> <span class='ocrx_word' id='word_1_247' title='bbox 1179 2602 1306 2661; x_wconf 86' lang='lat' dir='ltr'>imitatio</span> 
     </span>
     <span class='ocr_line' id='line_1_28' title="bbox 138 2690 773 2765; baseline 0 -18"><span class='ocrx_word' id='word_1_248' title='bbox 138 2691 167 2747; x_wconf 94' lang='lat' dir='ltr'>in</span> <span class='ocrx_word' id='word_1_249' title='bbox 188 2691 278 2749; x_wconf 88' lang='lat' dir='ltr'>rebus</span> <span class='ocrx_word' id='word_1_250' title='bbox 297 2690 462 2765; x_wconf 87' lang='lat' dir='ltr'>Legalibus</span> <span class='ocrx_word' id='word_1_251' title='bbox 480 2707 597 2765; x_wconf 90' lang='lat' dir='ltr'>quoque</span> <span class='ocrx_word' id='word_1_252' title='bbox 617 2690 773 2765; x_wconf 88' lang='lat' dir='ltr'>reperitur.</span> 
     </span>
    </p>

    <p class='ocr_par' dir='ltr' id='par_1_6' title="bbox 136 2778 1365 4012">
     <span class='ocr_line' id='line_1_29' title="bbox 228 2778 1365 2856; baseline -0.004 -17"><span class='ocrx_word' id='word_1_253' title='bbox 228 2782 277 2839; x_wconf 77' lang='lat'>17.</span> <span class='ocrx_word' id='word_1_254' title='bbox 291 2779 403 2855; x_wconf 85' lang='lat' dir='ltr'>Inquit.</span> <span class='ocrx_word' id='word_1_255' title='bbox 441 2779 518 2838; x_wconf 81' lang='lat' dir='ltr'>Sane</span> <span class='ocrx_word' id='word_1_256' title='bbox 538 2781 654 2838; x_wconf 89' lang='lat' dir='ltr'>veteres</span> <span class='ocrx_word' id='word_1_257' title='bbox 673 2778 801 2839; x_wconf 89' lang='lat' dir='ltr'>civiliter</span> <span class='ocrx_word' id='word_1_258' title='bbox 819 2779 950 2838; x_wconf 88' lang='lat' dir='ltr'>dicentes</span> <span class='ocrx_word' id='word_1_259' title='bbox 969 2780 1187 2856; x_wconf 90' lang='lat' dir='ltr'>confingebant,</span> <span class='ocrx_word' id='word_1_260' title='bbox 1209 2781 1307 2854; x_wconf 89' lang='lat' dir='ltr'>poste·</span> <span class='ocrx_word' id='word_1_261' title='bbox 1363 2848 1365 2852; x_wconf 11' lang='grc' dir='ltr'><em>Α</em></span> 
     </span>
     <span class='ocr_line' id='line_1_30' title="bbox 136 2868 1306 2944; baseline -0.002 -17"><span class='ocrx_word' id='word_1_262' title='bbox 136 2870 229 2928; x_wconf 90' lang='lat' dir='ltr'>riores</span> <span class='ocrx_word' id='word_1_263' title='bbox 263 2888 335 2928; x_wconf 84' lang='lat' dir='ltr'>vere</span> <span class='ocrx_word' id='word_1_264' title='bbox 367 2868 527 2929; x_wconf 86' lang='lat' dir='ltr'>rhetorice:</span> <span class='ocrx_word' id='word_1_265' title='bbox 560 2868 615 2926; x_wconf 90' lang='lat' dir='ltr'>hoc</span> <span class='ocrx_word' id='word_1_266' title='bbox 648 2871 695 2927; x_wconf 90' lang='lat' dir='ltr'>est</span> <span class='ocrx_word' id='word_1_267' title='bbox 722 2868 849 2944; x_wconf 84' lang='lat' dir='ltr'>Antiqui</span> <span class='ocrx_word' id='word_1_268' title='bbox 880 2869 1069 2943; x_wconf 90' lang='lat' dir='ltr'>impositores</span> <span class='ocrx_word' id='word_1_269' title='bbox 1104 2887 1221 2927; x_wconf 90' lang='lat' dir='ltr'>morum</span> <span class='ocrx_word' id='word_1_270' title='bbox 1252 2887 1306 2942; x_wconf 91' lang='lat' dir='ltr'>pro</span> 
     </span>
     <span class='ocr_line' id='line_1_31' title="bbox 136 2957 1359 3034; baseline 0.002 -18"><span class='ocrx_word' id='word_1_271' title='bbox 136 2959 288 3016; x_wconf 88' lang='lat' dir='ltr'>firmandis</span> <span class='ocrx_word' id='word_1_272' title='bbox 309 2959 465 3017; x_wconf 89' lang='lat' dir='ltr'>sententiis</span> <span class='ocrx_word' id='word_1_273' title='bbox 484 2958 515 3015; x_wconf 91' lang='lat' dir='ltr'>in</span> <span class='ocrx_word' id='word_1_274' title='bbox 535 2957 643 3034; x_wconf 88' lang='lat' dir='ltr'>animo,</span> <span class='ocrx_word' id='word_1_275' title='bbox 663 2957 736 3015; x_wconf 88' lang='lat' dir='ltr'>satis</span> <span class='ocrx_word' id='word_1_276' title='bbox 756 2960 822 3016; x_wconf 92' lang='lat' dir='ltr'>erat</span> <span class='ocrx_word' id='word_1_277' title='bbox 840 2958 883 3015; x_wconf 90' lang='lat' dir='ltr'>eis</span> <span class='ocrx_word' id='word_1_278' title='bbox 902 2958 948 3015; x_wconf 95' lang='lat' dir='ltr'>uti</span> <span class='ocrx_word' id='word_1_279' title='bbox 965 2957 1152 3016; x_wconf 88' lang='lat' dir='ltr'>sermonibus</span> <span class='ocrx_word' id='word_1_280' title='bbox 1167 2957 1304 3031; x_wconf 89' lang='lat' dir='ltr'>poeticis:</span> <span class='ocrx_word' id='word_1_281' title='bbox 1325 2972 1359 3018; x_wconf 88' lang='lat'>30</span> 
     </span>
     <span class='ocr_line' id='line_1_32' title="bbox 136 3046 1306 3121; baseline -0.002 -17"><span class='ocrx_word' id='word_1_282' title='bbox 136 3047 250 3121; x_wconf 88' lang='lat' dir='ltr'>posteri</span> <span class='ocrx_word' id='word_1_283' title='bbox 274 3065 345 3104; x_wconf 86' lang='lat' dir='ltr'>vcro</span> <span class='ocrx_word' id='word_1_284' title='bbox 371 3046 520 3105; x_wconf 87' lang='lat' dir='ltr'>rhetorica</span> <span class='ocrx_word' id='word_1_285' title='bbox 546 3047 589 3104; x_wconf 89' lang='lat' dir='ltr'>uti</span> <span class='ocrx_word' id='word_1_286' title='bbox 616 3047 710 3105; x_wconf 88' lang='lat' dir='ltr'>satius</span> <span class='ocrx_word' id='word_1_287' title='bbox 734 3064 799 3105; x_wconf 89' lang='lat' dir='ltr'>esse</span> <span class='ocrx_word' id='word_1_288' title='bbox 825 3046 1004 3106; x_wconf 87' lang='lat' dir='ltr'>iudicarunt.</span> <span class='ocrx_word' id='word_1_289' title='bbox 1050 3046 1182 3104; x_wconf 87' lang='lat' dir='ltr'>Interest</span> <span class='ocrx_word' id='word_1_290' title='bbox 1204 3048 1306 3103; x_wconf 90' lang='lat' dir='ltr'>autern</span> 
     </span>
     <span class='ocr_line' id='line_1_33' title="bbox 136 3133 1305 3211; baseline 0.001 -20"><span class='ocrx_word' id='word_1_291' title='bbox 136 3134 216 3191; x_wconf 88' lang='lat' dir='ltr'>inter</span> <span class='ocrx_word' id='word_1_292' title='bbox 234 3152 400 3193; x_wconf 87' lang='lat' dir='ltr'>sermonem</span> <span class='ocrx_word' id='word_1_293' title='bbox 419 3136 575 3210; x_wconf 89' lang='lat' dir='ltr'>poeticum,</span> <span class='ocrx_word' id='word_1_294' title='bbox 600 3136 651 3211; x_wconf 91' lang='lat' dir='ltr'>qui</span> <span class='ocrx_word' id='word_1_295' title='bbox 675 3135 854 3194; x_wconf 88' lang='lat' dir='ltr'>sententiam</span> <span class='ocrx_word' id='word_1_296' title='bbox 878 3136 1024 3210; x_wconf 87' lang='lat' dir='ltr'>hortatur,</span> <span class='ocrx_word' id='word_1_297' title='bbox 1051 3137 1082 3193; x_wconf 90' lang='lat' dir='ltr'>et</span> <span class='ocrx_word' id='word_1_298' title='bbox 1105 3133 1156 3210; x_wconf 92' lang='lat' dir='ltr'>qui</span> <span class='ocrx_word' id='word_1_299' title='bbox 1179 3153 1305 3193; x_wconf 86' lang='lat' dir='ltr'>morem:</span> 
     </span>
     <span class='ocr_line' id='line_1_34' title="bbox 136 3222 1306 3299; baseline 0 -17"><span class='ocrx_word' id='word_1_300' title='bbox 136 3223 215 3298; x_wconf 91' lang='lat' dir='ltr'>quod</span> <span class='ocrx_word' id='word_1_301' title='bbox 236 3222 287 3298; x_wconf 90' lang='lat' dir='ltr'>qui</span> <span class='ocrx_word' id='word_1_302' title='bbox 305 3241 416 3280; x_wconf 91' lang='lat' dir='ltr'>morem</span> <span class='ocrx_word' id='word_1_303' title='bbox 436 3223 606 3298; x_wconf 88' lang='lat' dir='ltr'>persuadet,</span> <span class='ocrx_word' id='word_1_304' title='bbox 626 3224 765 3283; x_wconf 89' lang='lat' dir='ltr'>hortatur</span> <span class='ocrx_word' id='word_1_305' title='bbox 779 3225 898 3299; x_wconf 89' lang='lat' dir='ltr'>quidem</span> <span class='ocrx_word' id='word_1_306' title='bbox 914 3242 1005 3298; x_wconf 89' lang='lat' dir='ltr'>super</span> <span class='ocrx_word' id='word_1_307' title='bbox 1019 3222 1306 3282; x_wconf 56' lang='lat' dir='ltr'>actionem‘alicuius</span> 
     </span>
     <span class='ocr_line' id='line_1_35' title="bbox 136 3311 1306 3390; baseline 0 -20"><span class='ocrx_word' id='word_1_308' title='bbox 136 3313 187 3388; x_wconf 91' lang='lat' dir='ltr'>rei,</span> <span class='ocrx_word' id='word_1_309' title='bbox 209 3314 263 3370; x_wconf 90' lang='lat' dir='ltr'>aut</span> <span class='ocrx_word' id='word_1_310' title='bbox 280 3314 314 3368; x_wconf 94' lang='lat' dir='ltr'>ut</span> <span class='ocrx_word' id='word_1_311' title='bbox 333 3312 416 3369; x_wconf 90' lang='lat' dir='ltr'>illam</span> <span class='ocrx_word' id='word_1_312' title='bbox 430 3313 536 3390; x_wconf 86' lang='lat' dir='ltr'>fngiat.</span> <span class='ocrx_word' id='word_1_313' title='bbox 574 3332 670 3371; x_wconf 88' lang='lat' dir='ltr'>sermo</span> <span class='ocrx_word' id='word_1_314' title='bbox 690 3316 791 3371; x_wconf 88' lang='lat' dir='ltr'>autem</span> <span class='ocrx_word' id='word_1_315' title='bbox 811 3313 861 3388; x_wconf 94' lang='lat' dir='ltr'>qui</span> <span class='ocrx_word' id='word_1_316' title='bbox 880 3312 917 3370; x_wconf 88' lang='lat' dir='ltr'>ad</span> <span class='ocrx_word' id='word_1_317' title='bbox 938 3313 1118 3371; x_wconf 86' lang='lat' dir='ltr'>sententiam</span> <span class='ocrx_word' id='word_1_318' title='bbox 1135 3311 1306 3388; x_wconf 85' lang='lat' dir='ltr'>persuadet,</span> 
     </span>
     <span class='ocr_line' id='line_1_36' title="bbox 136 3400 1359 3478; baseline 0.004 -19"><span class='ocrx_word' id='word_1_319' title='bbox 136 3402 276 3460; x_wconf 88' lang='lat' dir='ltr'>hortatur</span> <span class='ocrx_word' id='word_1_320' title='bbox 297 3401 415 3476; x_wconf 89' lang='lat' dir='ltr'>quidem</span> <span class='ocrx_word' id='word_1_321' title='bbox 435 3401 473 3458; x_wconf 89' lang='lat' dir='ltr'>ad</span> <span class='ocrx_word' id='word_1_322' title='bbox 492 3400 606 3476; x_wconf 89' lang='lat' dir='ltr'>aliquid</span> <span class='ocrx_word' id='word_1_323' title='bbox 625 3420 690 3460; x_wconf 90' lang='lat' dir='ltr'>esse</span> <span class='ocrx_word' id='word_1_324' title='bbox 708 3403 757 3461; x_wconf 82' lang='lat' dir='ltr'>rel</span> <span class='ocrx_word' id='word_1_325' title='bbox 776 3419 835 3460; x_wconf 92' lang='lat' dir='ltr'>non</span> <span class='ocrx_word' id='word_1_326' title='bbox 854 3419 928 3477; x_wconf 88' lang='lat' dir='ltr'>esse,</span> <span class='ocrx_word' id='word_1_327' title='bbox 947 3421 1005 3460; x_wconf 91' lang='lat' dir='ltr'>non</span> <span class='ocrx_word' id='word_1_328' title='bbox 1025 3401 1063 3459; x_wconf 87' lang='lat' dir='ltr'>ad</span> <span class='ocrx_word' id='word_1_329' title='bbox 1082 3400 1195 3477; x_wconf 89' lang='lat' dir='ltr'>aliquid</span> <span class='ocrx_word' id='word_1_330' title='bbox 1216 3420 1305 3478; x_wconf 88' lang='lat' dir='ltr'>quac·</span> <span class='ocrx_word' id='word_1_331' title='bbox 1325 3419 1359 3464; x_wconf 83' lang='lat'>35</span> 
     </span>
     <span class='ocr_line' id='line_1_37' title="bbox 138 3489 1305 3566; baseline -0.001 -17"><span class='ocrx_word' id='word_1_332' title='bbox 138 3492 263 3549; x_wconf 88' lang='lat' dir='ltr'>rendum</span> <span class='ocrx_word' id='word_1_333' title='bbox 282 3489 330 3549; x_wconf 90' lang='lat' dir='ltr'>vel</span> <span class='ocrx_word' id='word_1_334' title='bbox 349 3489 531 3564; x_wconf 90' lang='lat' dir='ltr'>fugiendum.</span> <span class='ocrx_word' id='word_1_335' title='bbox 578 3489 692 3559; x_wconf 82' lang='lat' dir='ltr'>Quarta</span> <span class='ocrx_word' id='word_1_336' title='bbox 710 3492 811 3549; x_wconf 90' lang='lat' dir='ltr'>autem</span> <span class='ocrx_word' id='word_1_337' title='bbox 830 3509 910 3566; x_wconf 89' lang='lat' dir='ltr'>pars,</span> <span class='ocrx_word' id='word_1_338' title='bbox 932 3510 1008 3566; x_wconf 90' lang='lat' dir='ltr'>quae</span> <span class='ocrx_word' id='word_1_339' title='bbox 1027 3490 1148 3550; x_wconf 86' lang='lat' dir='ltr'>tertiam</span> <span class='ocrx_word' id='word_1_340' title='bbox 1163 3490 1305 3566; x_wconf 89' lang='lat' dir='ltr'>sequitur,</span> 
     </span>
     <span class='ocr_line' id='line_1_38' title="bbox 138 3579 1305 3654; baseline 0.001 -16"><span class='ocrx_word' id='word_1_341' title='bbox 138 3582 184 3638; x_wconf 91' lang='lat' dir='ltr'>est</span> <span class='ocrx_word' id='word_1_342' title='bbox 207 3582 336 3637; x_wconf 90' lang='lat' dir='ltr'>metrum</span> <span class='ocrx_word' id='word_1_343' title='bbox 361 3581 392 3637; x_wconf 92' lang='lat' dir='ltr'>et</span> <span class='ocrx_word' id='word_1_344' title='bbox 414 3597 570 3637; x_wconf 89' lang='lat' dir='ltr'>numerus:</span> <span class='ocrx_word' id='word_1_345' title='bbox 596 3580 680 3638; x_wconf 91' lang='lat' dir='ltr'>cuius</span> <span class='ocrx_word' id='word_1_346' title='bbox 704 3579 847 3654; x_wconf 88' lang='lat' dir='ltr'>perfectio</span> <span class='ocrx_word' id='word_1_347' title='bbox 871 3582 918 3638; x_wconf 92' lang='lat' dir='ltr'>est</span> <span class='ocrx_word' id='word_1_348' title='bbox 942 3579 1099 3654; x_wconf 86' lang='lat' dir='ltr'>explicatio</span> <span class='ocrx_word' id='word_1_349' title='bbox 1123 3579 1305 3639; x_wconf 87' lang='lat' dir='ltr'>intentionis.</span> 
     </span>
     <span class='ocr_line' id='line_1_39' title="bbox 138 3668 1307 3746; baseline 0.002 -21"><span class='ocrx_word' id='word_1_350' title='bbox 138 3686 207 3725; x_wconf 86' lang='lat' dir='ltr'>nem</span> <span class='ocrx_word' id='word_1_351' title='bbox 221 3669 318 3725; x_wconf 87' lang='lat' dir='ltr'>multa</span> <span class='ocrx_word' id='word_1_352' title='bbox 334 3671 403 3726; x_wconf 89' lang='lat' dir='ltr'>sunt</span> <span class='ocrx_word' id='word_1_353' title='bbox 417 3670 521 3743; x_wconf 90' lang='lat' dir='ltr'>metra,</span> <span class='ocrx_word' id='word_1_354' title='bbox 540 3686 617 3742; x_wconf 90' lang='lat' dir='ltr'>quae</span> <span class='ocrx_word' id='word_1_355' title='bbox 631 3668 721 3726; x_wconf 89' lang='lat' dir='ltr'>alicui</span> <span class='ocrx_word' id='word_1_356' title='bbox 736 3669 893 3728; x_wconf 90' lang='lat' dir='ltr'>intentioni</span> <span class='ocrx_word' id='word_1_357' title='bbox 908 3670 1098 3746; x_wconf 88' lang='lat' dir='ltr'>respondent,</span> <span class='ocrx_word' id='word_1_358' title='bbox 1115 3687 1190 3746; x_wconf 86' lang='lat' dir='ltr'>quae</span> <span class='ocrx_word' id='word_1_359' title='bbox 1205 3672 1307 3727; x_wconf 89' lang='lat' dir='ltr'>tamen</span> 
     </span>
     <span class='ocr_line' id='line_1_40' title="bbox 138 3756 1307 3834; baseline 0 -19"><span class='ocrx_word' id='word_1_360' title='bbox 138 3757 228 3815; x_wconf 88' lang='lat' dir='ltr'>alicui</span> <span class='ocrx_word' id='word_1_361' title='bbox 241 3757 331 3815; x_wconf 88' lang='lat' dir='ltr'>alteri</span> <span class='ocrx_word' id='word_1_362' title='bbox 345 3775 405 3816; x_wconf 93' lang='lat' dir='ltr'>non</span> <span class='ocrx_word' id='word_1_363' title='bbox 419 3756 609 3833; x_wconf 87' lang='lat' dir='ltr'>respondent.</span> <span class='ocrx_word' id='word_1_364' title='bbox 642 3756 753 3826; x_wconf 82' lang='lat' dir='ltr'>Quinta</span> <span class='ocrx_word' id='word_1_365' title='bbox 767 3762 867 3817; x_wconf 89' lang='lat' dir='ltr'>autern</span> <span class='ocrx_word' id='word_1_366' title='bbox 882 3775 951 3833; x_wconf 88' lang='lat' dir='ltr'>pars</span> <span class='ocrx_word' id='word_1_367' title='bbox 965 3778 1019 3834; x_wconf 90' lang='lat' dir='ltr'>per</span> <span class='ocrx_word' id='word_1_368' title='bbox 1033 3758 1167 3818; x_wconf 90' lang='lat' dir='ltr'>ordinem</span> <span class='ocrx_word' id='word_1_369' title='bbox 1181 3760 1228 3816; x_wconf 90' lang='lat' dir='ltr'>est</span> <span class='ocrx_word' id='word_1_370' title='bbox 1241 3758 1307 3832; x_wconf 87' lang='lat' dir='ltr'>ipsa</span> 
     </span>
     <span class='ocr_line' id='line_1_41' title="bbox 137 3846 1359 3924; baseline 0.005 -21"><span class='ocrx_word' id='word_1_371' title='bbox 137 3846 279 3904; x_wconf 89' lang='lat' dir='ltr'>melodia:</span> <span class='ocrx_word' id='word_1_372' title='bbox 298 3864 375 3921; x_wconf 87' lang='lat' dir='ltr'>quae</span> <span class='ocrx_word' id='word_1_373' title='bbox 394 3847 514 3922; x_wconf 91' lang='lat' dir='ltr'>quidem</span> <span class='ocrx_word' id='word_1_374' title='bbox 533 3850 579 3906; x_wconf 90' lang='lat' dir='ltr'>est</span> <span class='ocrx_word' id='word_1_375' title='bbox 597 3846 677 3905; x_wconf 87' lang='lat' dir='ltr'>inter</span> <span class='ocrx_word' id='word_1_376' title='bbox 696 3866 797 3906; x_wconf 90' lang='lat' dir='ltr'>omncs</span> <span class='ocrx_word' id='word_1_377' title='bbox 817 3847 871 3906; x_wconf 91' lang='lat' dir='ltr'>has</span> <span class='ocrx_word' id='word_1_378' title='bbox 891 3850 1001 3924; x_wconf 90' lang='lat' dir='ltr'>partes,</span> <span class='ocrx_word' id='word_1_379' title='bbox 1020 3867 1097 3924; x_wconf 89' lang='lat' dir='ltr'>quae</span> <span class='ocrx_word' id='word_1_380' title='bbox 1111 3847 1238 3905; x_wconf 82' lang='lat' dir='ltr'>maxime</span> <span class='ocrx_word' id='word_1_381' title='bbox 1252 3847 1305 3904; x_wconf 89' lang='lat' dir='ltr'>im·</span> <span class='ocrx_word' id='word_1_382' title='bbox 1325 3862 1359 3910; x_wconf 83' lang='lat'>40</span> 
     </span>
     <span class='ocr_line' id='line_1_42' title="bbox 137 3934 1305 4012; baseline 0 -19"><span class='ocrx_word' id='word_1_383' title='bbox 137 3936 248 4010; x_wconf 85' lang='lat' dir='ltr'>primat</span> <span class='ocrx_word' id='word_1_384' title='bbox 266 3934 297 3991; x_wconf 91' lang='lat' dir='ltr'>in</span> <span class='ocrx_word' id='word_1_385' title='bbox 316 3936 422 3995; x_wconf 87' lang='lat' dir='ltr'>animo.</span> <span class='ocrx_word' id='word_1_386' title='bbox 460 3935 551 3996; x_wconf 80' lang='lat' dir='ltr'>Sexta</span> <span class='ocrx_word' id='word_1_387' title='bbox 569 3954 640 3996; x_wconf 84' lang='lat' dir='ltr'>vero</span> <span class='ocrx_word' id='word_1_388' title='bbox 660 3955 729 4011; x_wconf 85' lang='lat' dir='ltr'>pars</span> <span class='ocrx_word' id='word_1_389' title='bbox 748 3940 795 3995; x_wconf 90' lang='lat' dir='ltr'>est</span> <span class='ocrx_word' id='word_1_390' title='bbox 809 3937 906 4011; x_wconf 91' lang='lat' dir='ltr'>ipsum</span> <span class='ocrx_word' id='word_1_391' title='bbox 922 3937 1131 4012; x_wconf 84' lang='lat' dir='ltr'>spectaculum.</span> <span class='ocrx_word' id='word_1_392' title='bbox 1168 3936 1305 4012; x_wconf 89' lang='lat' dir='ltr'>intelligo</span> 
     </span>
    </p>
   </div>
   <div class='ocr_carea' id='block_1_3' title="bbox 138 4047 348 4056">
    <p class='ocr_par' dir='ltr' id='par_1_7' title="bbox 138 4047 348 4056">
     <span class='ocr_line' id='line_1_43' title="bbox 138 4047 348 4056; baseline -0.014 -2"><span class='ocrx_word' id='word_1_393' title='bbox 138 4047 348 4056; x_wconf 42' lang='grc' dir='ltr'>ΨΜ</span> 
     </span>
    </p>
   </div>
   <div class='ocr_carea' id='block_1_4' title="bbox 226 4086 564 4156">
    <p class='ocr_par' dir='ltr' id='par_1_8' title="bbox 226 4086 564 4156">
     <span class='ocr_line' id='line_1_44' title="bbox 226 4086 564 4156; baseline 0.006 -17"><span class='ocrx_word' id='word_1_394' title='bbox 226 4092 243 4139; x_wconf 91' lang='lat'>8</span> <span class='ocrx_word' id='word_1_395' title='bbox 261 4086 345 4140; x_wconf 82' lang='lat' dir='ltr'>liber:</span> <span class='ocrx_word' id='word_1_396' title='bbox 364 4089 564 4156; x_wconf 82' lang='lat' dir='ltr'>praepositum.</span> 
     </span>
    </p>
   </div>
   <div class='ocr_carea' id='block_1_5' title="bbox 137 4245 1333 4445">
    <p class='ocr_par' dir='ltr' id='par_1_9' title="bbox 137 4245 1333 4445">
     <span class='ocr_line' id='line_1_45' title="bbox 226 4245 1333 4316; baseline 0.001 -15"><span class='ocrx_word' id='word_1_397' title='bbox 226 4246 546 4316; x_wconf 53' lang='lat' dir='ltr'>acassam-be).</span> <span class='ocrx_word' id='word_1_398' title='bbox 606 4252 786 4302; x_wconf 66' lang='lat' dir='ltr'>razsoess.</span> <span class='ocrx_word' id='word_1_399' title='bbox 857 4251 890 4301; x_wconf 78' lang='lat'>14</span> <span class='ocrx_word' id='word_1_400' title='bbox 910 4249 1124 4303; x_wconf 61' lang='lat' dir='ltr'>exeszrrare.</span> <span class='ocrx_word' id='word_1_401' title='bbox 1181 4245 1333 4302; x_wconf 67' lang='lat'>152-2‘</span> 
     </span>
     <span class='ocr_line' id='line_1_46' title="bbox 139 4317 1305 4374; baseline 0.003 -5"><span class='ocrx_word' id='word_1_402' title='bbox 139 4317 306 4374; x_wconf 79' lang='lat' dir='ltr'>17:5ob1.</span> <span class='ocrx_word' id='word_1_403' title='bbox 357 4317 526 4371; x_wconf 58' lang='lat' dir='ltr'>ausser.</span> <span class='ocrx_word' id='word_1_404' title='bbox 573 4324 693 4372; x_wconf 60' lang='lat' dir='ltr'>aaz-r</span> <span class='ocrx_word' id='word_1_405' title='bbox 739 4317 904 4373; x_wconf 77' lang='lat' dir='ltr'>ae2sobr.</span> <span class='ocrx_word' id='word_1_406' title='bbox 951 4324 1078 4372; x_wconf 75' lang='lat'>312-‘?</span> <span class='ocrx_word' id='word_1_407' title='bbox 1124 4321 1305 4373; x_wconf 56' lang='lat' dir='ltr'>aemonis.</span> 
     </span>
     <span class='ocr_line' id='line_1_47' title="bbox 137 4389 773 4445; baseline 0.006 -5"><span class='ocrx_word' id='word_1_408' title='bbox 137 4392 265 4443; x_wconf 67' lang='lat' dir='ltr'>aaz-e</span> <span class='ocrx_word' id='word_1_409' title='bbox 337 4390 518 4445; x_wconf 57' lang='lat' dir='ltr'>comeum.</span> <span class='ocrx_word' id='word_1_410' title='bbox 591 4389 773 4444; x_wconf 79' lang='lat' dir='ltr'>41:50bre.</span> 
     </span>
    </p>
   </div>
   <div class='ocr_carea' id='block_1_6' title="bbox 0 0 1483 4944">
    <p class='ocr_par' dir='ltr' id='par_1_10' title="bbox 0 0 1483 4944">
     <span class='ocr_line' id='line_1_48' title="bbox 0 0 1483 4944; baseline 0 0"><span class='ocrx_word' id='word_1_411' title='bbox 0 0 1483 4944; x_wconf 95' lang='lat' dir='ltr'> </span> 
     </span>
    </p>
   </div>
  </div>
 </body>
</html>
