2946 4944
270 172 400 228 Averrois
420 171 599 242 paraphrasis
618 171 647 224 in
666 170 768 224 librum
788 169 919 225 Poeticae
937 168 1105 223 Aristotelis.
1210 168 1275 232 379

107 361 201 419 genus
220 343 429 402 mutationum.
466 341 655 417 Argumenta
675 342 776 398 autem
801 343 855 416 est,
880 340 959 416 quod
983 339 1078 399 oratio
1093 340 1214 414 poetica
1238 339 1278 397 sit

107 432 230 508 variata,
260 432 409 508 quoniam,
439 450 505 489 cum
534 432 669 488 mutatur
696 429 889 505 varieturque
917 447 989 488 vera
1017 428 1125 501 oratic,
1154 433 1277 489 vocatur

106 541 213 597 poema
231 522 280 580 vel
306 520 401 580 oratio
428 520 545 595 poetica
568 519 719 594 habetque
738 518 884 577 actionem
903 518 1049 593 poematis
1070 536 1122 577 seu
1141 519 1277 594 fungitur

108 610 204 670 officio
223 609 379 685 poematia.
416 613 450 667 tu
475 612 574 667 autem
598 608 731 667 invenies
756 609 894 683 poemata
918 607 1135 667 commoventia
1159 626 1211 666 seu
1235 608 1278 666 in-

107 700 231 758 citantia
250 700 293 757 ita
313 717 343 758 se
363 699 473 757 habere
498 699 625 757 omuino.
668 697 752 766 Quod
777 697 802 754 si
826 697 917 754 fuerit
940 714 1044 771 expers
1067 697 1276 773 mutationum,
1296 705 1312 752 t

107 789 181 847 nihil
197 789 300 847 Poesis
319 789 442 846 habebit
459 791 581 863 praeter
600 788 730 845 metrum
748 789 874 845 tantum.
908 785 984 843 fiunt
1001 788 1101 844 autem
1115 786 1277 844 varietates

107 896 230 937 numero
260 880 291 935 et
318 876 515 935 concinnitate
549 880 580 934 et
607 875 827 951 permutatione
855 877 885 933 et
906 874 1075 954 imitatione
1103 877 1133 934 et
1156 875 1278 934 tandem

107 968 194 1026 affert
214 967 378 1025 orationem
397 985 456 1025 non
474 966 627 1039 usitatam,
651 967 685 1023 ut
704 966 750 1022 est
773 963 906 1023 dimissio
926 967 957 1022 et
976 964 1139 1042 conversio,
1164 964 1276 1023 additio

106 1062 197 1133 atque
215 1056 347 1132 negatio,
365 1056 506 1130 prioritas
521 1053 708 1129 postpositio,
727 1053 854 1112 mutatio
870 1055 1014 1112 sermonis
1029 1073 1064 1112 ex
1080 1053 1277 1133 affirmatione

107 1146 143 1204 ad
163 1146 362 1224 negationem.
399 1147 434 1202 ut
452 1143 479 1202 si
497 1143 563 1218 quis
583 1143 703 1201 dixerit:
729 1143 867 1218 quisnam
889 1143 1041 1202 interfecit
1063 1143 1140 1201 hunc
1158 1149 1279 1218 praeter
1299 1152 1330 1199 10

106 1234 159 1294 te?
195 1235 260 1294 rice
279 1234 381 1292 huius:
402 1233 513 1291 scilieet
532 1234 565 1290 tu
585 1230 764 1291 interfecisti
783 1251 860 1309 eum,
879 1236 909 1291 et
924 1251 959 1290 ex
973 1232 1133 1308 negatione
1147 1233 1183 1291 ad
1199 1232 1278 1290 affir-

107 1324 269 1383 mationem
288 1322 379 1382 etiam
399 1325 430 1380 et
453 1321 570 1380 demum
595 1340 630 1380 ex
654 1321 791 1396 opposito
813 1321 844 1379 in
868 1321 1047 1396 oppositum.
1086 1321 1132 1380 Ex
1153 1323 1278 1380 varieta-

108 1414 190 1472 tibus
208 1432 280 1472 vero
298 1411 431 1486 pulchris
452 1413 499 1471 est
522 1429 681 1470 concursus
705 1410 923 1470 contrariorum
941 1411 973 1469 in
993 1412 1117 1469 eandem
1136 1430 1208 1487 rem,
1234 1411 1278 1469 ita

108 1504 143 1559 ut
161 1520 253 1559 unum
272 1502 454 1561 contrarium
474 1501 514 1560 sit
532 1519 623 1560 causa
638 1500 762 1559 alterius
778 1499 926 1559 contrarii.
959 1501 1162 1575 praestantior
1176 1503 1277 1559 autern

106 1591 213 1651 horum
239 1609 410 1650 sermonum
429 1594 489 1668 est,
518 1591 569 1666 qui
588 1590 695 1648 clarior
713 1609 747 1648 ac
770 1589 957 1648 manifestior
976 1590 1168 1665 similiorque.
1210 1608 1278 1648 raro
1300 1599 1330 1646 15

106 1683 207 1739 tamen
225 1680 373 1755 reperitur
391 1681 448 1738 hoc
465 1680 497 1738 in
516 1682 668 1756 poemate,
687 1679 828 1755 quoniam
847 1679 953 1737 horum
972 1680 1168 1755 quodcunque
1186 1679 1278 1737 fuerit

107 1770 215 1828 clarius
235 1772 324 1846 atquc
345 1769 480 1847 similius,
504 1768 617 1828 indicat
641 1769 784 1827 maiorem
804 1768 1031 1842 experientiam:
1055 1771 1086 1826 εὴ
1108 1769 1163 1828 hoc
1182 1787 1278 1844 genus

106 1859 298 1934 amplectitur
317 1860 461 1933 optimam
480 1857 627 1916 actionem
646 1859 832 1932 poematum:
857 1856 912 1915 hoc
936 1860 981 1916 est
1000 1876 1120 1917 movere
1139 1859 1277 1915 animam.

107 1949 235 2024 exempli
259 1965 348 2006 causa
367 1964 430 2004 mos
455 1964 522 2004 cum
546 1947 638 2004 fuerit
662 1945 846 2005 vehementis
870 1945 1088 2022 similitudinis,
1111 1947 1279 2021 praestabit

107 2039 250 2112 optimam
270 2036 468 2094 imitationem
487 2036 577 2110 atque
593 2034 826 2111 intelligentiam
841 2035 938 2093 simul.
976 2035 1161 2110 Quandoque
1175 2039 1277 2094 tamen
1296 2046 1329 2093 20

107 2125 216 2184 accidit
234 2144 269 2184 ex
288 2125 508 2200 permutatione
526 2125 753 2201 proportionata
772 2143 825 2184 seu
843 2124 1092 2200 correspondente
1112 2125 1217 2200 exigua
1235 2125 1278 2182 in-

106 2214 275 2290 telligentia
294 2214 385 2288 atque
403 2212 553 2288 perceptio
572 2213 603 2271 in
627 2214 725 2273 animo
752 2214 921 2273 auditorum
950 2214 1028 2291 eius,
1056 2217 1091 2272 ut
1115 2233 1183 2273 cum
1201 2214 1277 2272 dice-

108 2304 209 2363 batur:
239 2303 357 2379 quendo
385 2303 566 2378 dignoscetis
592 2306 623 2363 et
649 2304 842 2380 distinguetis
873 2305 951 2362 inter
978 2303 1101 2378 capillos
1128 2304 1221 2363 flavos
1248 2305 1278 2362 et

108 2392 214 2452 albos?
247 2392 340 2469 aliqui
363 2392 441 2452 enim
464 2393 613 2468 putabant
636 2394 720 2452 albos
739 2412 815 2453 esse
843 2411 944 2470 veros,
973 2393 1025 2451 sed
1048 2412 1102 2468 pro
1125 2393 1210 2452 flavis
1233 2393 1277 2452 in-

106 2483 295 2558 telligeretur
313 2483 503 2542 adulterium.
1284 2491 1330 2539 ,25

195 2573 246 2631 69.
261 2571 372 2647 Inquit.
397 2571 526 2630 Nomina
541 2571 705 2645 composita
721 2571 869 2647 quadrant
883 2572 927 2629 illi
945 2574 1049 2647 metro,
1063 2571 1094 2631 in
1109 2591 1167 2647 quo
1181 2571 1278 2646 publi-

107 2662 191 2720 catur
210 2662 323 2736 optima
341 2661 422 2718 fama
445 2659 481 2719 de
505 2661 591 2719 bonis
615 2659 687 2720 viris
711 2659 832 2736 praeter
851 2660 984 2738 aliquam
1001 2661 1278 2736 pronunciationem

108 2750 234 2809 alicuius
253 2749 445 2825 particularis
462 2749 520 2809 viri
538 2768 649 2809 eorum.
686 2751 758 2809 hacc
779 2749 880 2809 autem
899 2769 967 2808 raro
986 2751 1179 2809 inveniuntur
1198 2751 1277 2825 apud

108 2839 239 2915 Arabes,
272 2842 307 2897 ut
339 2839 489 2898 servisolis
521 2859 575 2914 pro
609 2859 713 2899 servus
742 2841 823 2902 solis.
880 2841 1001 2900 nomina
1033 2844 1133 2899 autem
1161 2839 1278 2898 variata

107 2929 257 3005 quadrant
275 2928 322 2986 illi
337 2929 478 3004 poemati,
501 2928 532 2985 in
551 2947 609 3003 quo
629 2929 732 3004 agitur
753 2929 789 2986 de
810 2929 857 2988 die
876 2929 979 2987 iudicii
999 2933 1029 2988 et
1046 2928 1278 3004 perturbationi·
1296 2937 1330 2984 30

106 3017 163 3075 bus
190 3017 380 3092 quibusdam:
407 3019 437 3076 et
462 3018 517 3074 hoc
542 3036 637 3092 genus
662 3019 809 3092 poematis
836 3021 883 3077 est
908 3019 988 3094 apud
1013 3017 1141 3089 Graecos
1164 3021 1277 3077 notum.

107 3105 312 3180 Metaphorica
329 3114 399 3164 vero
419 3106 541 3164 nomina
558 3107 717 3181 peregrina
740 3108 810 3165 sunt
835 3108 957 3183 propria
980 3108 1177 3184 poematibus,
1201 3125 1278 3182 quae

108 3194 144 3253 de
165 3193 307 3270 exemplis
327 3196 357 3252 et
376 3194 484 3252 iudicio
504 3213 537 3253 ao
556 3194 689 3254 historiis
707 3196 835 3270 puhlicis
854 3201 957 3271 agunt.

200 3285 249 3343 70.
260 3283 371 3357 lnquit.
395 3282 439 3341 De
451 3283 617 3359 Tragoedia
631 3284 726 3359 igitur
740 3287 771 3343 et
785 3286 820 3344 de
830 3285 997 3345 imitatione
1009 3285 1231 3346 accommodata
1240 3285 1278 3343 ad

109 3373 255 3432 actionem
275 3391 309 3431 ac
328 3371 364 3430 de
383 3372 439 3448 his,
458 3392 533 3447 quae
553 3375 720 3433 communia
739 3377 809 3433 sunt
828 3374 989 3451 generibus
1003 3379 1184 3453 poematum,
1204 3375 1278 3433 satis
1298 3384 1341 3432 35·

107 3462 251 3521 hactenus
271 3461 392 3521 anobis
410 3462 484 3520 haec
504 3461 582 3520 dicta
601 3464 668 3523 sint.

200 3553 248 3609 71.
263 3551 416 3611 Historiae
430 3570 501 3610 vero
515 3553 686 3610 narrativae
705 3572 757 3611 seu
772 3553 892 3611 fabulae
907 3558 1008 3628 partes
1019 3558 1091 3614 sunt
1100 3556 1278 3631 principium

108 3639 238 3698 medium
256 3640 332 3718 finis,
358 3659 418 3700 non
442 3659 525 3699 secus
551 3659 585 3699 ac
608 3642 639 3699 in
659 3641 833 3718 Tragoediis
858 3645 889 3702 et
907 3644 938 3701 in
960 3643 1135 3716 imitatione.
1175 3665 1277 3706 verum

106 3729 229 3787 illarum
246 3729 374 3789 imitatio
398 3750 457 3789 non
481 3732 527 3788 est
550 3730 715 3807 actionum,
739 3732 792 3790 sed
815 3734 998 3807 temporum,
1021 3734 1053 3792 in
1076 3735 1183 3809 quibus
1207 3735 1276 3793 illae

107 3818 237 3878 actiones
264 3821 435 3878 evenerunt.
482 3820 528 3878 his
555 3820 634 3878 enim
657 3819 692 3878 fit
717 3820 846 3880 imitatio
872 3821 1110 3899 dispositionum,
1138 3824 1277 3883 videlicet
1296 3836 1330 3884 40

108 3926 237 3984 quonam
260 3908 347 3966 modo
372 3926 404 3966 se
427 3909 598 3967 habuerunt
622 3909 830 3985 dispositiones
856 3912 999 3987 temporis
1022 3913 1131 3987 prioris
1155 3914 1193 3972 ad
1217 3932 1277 3991 eas,

107 4029 320 4044 -.-—.„....

197 4085 229 4133 33
245 4078 277 4132 In
295 4075 435 4147 margine:
455 4079 603 4149 interpres.
619 4083 748 4136 Averrois
767 4082 908 4151 digressus
927 4083 977 4152 est,
996 4085 1028 4137 ut
1047 4083 1278 4152 complecteretur

108 4164 211 4216 genera
225 4151 385 4218 poematum
397 4147 564 4203 Graecorum
578 4169 628 4220 per
642 4156 774 4221 poemata
784 4153 904 4208 Arabica
919 4157 947 4208 et
961 4154 1106 4208 confundit
1117 4153 1277 4208 Aristotelis

109 4223 354 4276 sensum-obscure
373 4221 521 4288 loquendo.
595 4229 627 4276 37
648 4226 668 4278 Ι.
688 4243 737 4280 m:
757 4226 798 4278 De
817 4224 974 4280 imitatione
993 4225 1112 4280 heroica.

200 4369 299 4417 l:—‘?
371 4369 529 4419 26:593·8.
602 4370 777 4422 34:59a15.
851 4374 1027 4423 37:59a16.
