2946 4944
122 183 278 237 l'rideriens
289 182 476 236 Heidenhain:
492 180 621 236 Averrois
631 182 761 250 paraphr.
771 182 800 235 in
810 181 871 235 libr.
883 181 1013 238 Poeticae
1024 184 1191 240 Aristotelis.
1220 184 1285 250 355

113 352 248 411 idiomati
276 350 425 410 familiare
453 369 507 426 per
534 349 676 410 dictiones
705 349 763 409 sibi
786 351 937 426 proprias,
966 370 1042 426 quae
1065 353 1144 428 apud
1168 352 1284 414 Arabes

112 442 217 500 literae
233 440 437 500 similitudinis
448 443 601 500 vocantur.
634 439 772 498 Alterum
783 459 853 498 vero
864 441 1220 517 consistitinaceeptione
1232 444 1284 502 eli-

112 531 194 590 cuius
209 529 316 589 similis
334 529 398 589 vioe
415 530 539 588 alterius
559 528 665 587 similis
680 530 759 604 qnod
774 529 893 605 quidem
908 529 940 588 in
954 531 1009 588 hac
1024 533 1089 589 arte
1103 533 1284 606 permutatio

111 621 289 695 appellatur.
317 619 345 676 N
348 637 380 677 eo
395 621 424 678 te
438 619 533 677 latere
549 617 637 676 debet
652 617 708 676 snb
724 618 779 677 hae
792 621 878 692 parte
893 617 1005 676 includi
1020 638 1055 680 ea
1069 638 1189 698 genera,
1208 641 1284 696 quae

110 711 165 767 hae
184 711 288 768 nostra
306 709 405 766 aetate
420 708 598 782 Metaphora
614 725 648 765 ae
667 705 895 782 Cognominatio
913 713 1132 783 nuncupantur.
1171 710 1284 769 Verum
1303 721 1318 767 5

111 797 382 876 cognominationes
400 797 613 872 utplurimum
632 799 701 854 sunt
719 796 956 871 permutationes
976 816 1012 855 ex
1026 797 1183 857 affectibus
1198 799 1283 858 affee-

110 891 196 945 tnum
207 886 262 945 rei:
284 886 334 944 sed
349 887 525 960 metaphora
540 888 586 944 est
600 885 793 944 commutatio
807 905 909 944 rernm
923 886 968 943 illi
981 887 1283 962 proportionatarum,

109 976 164 1034 hoc
180 978 234 1050 est,
254 987 320 1034 e'um
333 970 421 1033 unius
436 973 480 1032 rei
498 972 651 1049 proportio
666 973 703 1032 ad
724 975 881 1034 secundam
897 975 936 1033 sit
949 975 1103 1050 proportio
1118 974 1226 1036 tertiae
1245 978 1282 1035 ad

110 1067 246 1139 quartam
270 1066 301 1121 et
324 1067 512 1138 permutetur
536 1082 645 1122 nomen
669 1062 776 1121 tertiae
800 1064 831 1121 in
853 1062 981 1139 primam
1004 1065 1053 1123 vel
1077 1066 1205 1125 econtra.
1251 1066 1283 1123 in

110 1153 185 1212 libro
216 1155 318 1212 autem
347 1152 525 1211 Rhetoricae
557 1152 738 1227 explicatum
762 1156 809 1211 est
836 1155 910 1227 quot
932 1153 1028 1211 modis
1053 1154 1128 1213 fiant
1151 1172 1281 1214 commu·
1302 1165 1335 1213 10

114 1240 252 1300 tationes.
290 1241 424 1300 Tertium
443 1261 514 1301 vero
532 1260 627 1317 genus
641 1241 826 1316 poeticarum
841 1241 1009 1301 orationum
1025 1242 1190 1308 exduobus
1204 1263 1282 1303 nunc

109 1330 194 1390 dictis
214 1332 299 1390 const
319 1334 341 1389 t.
924 1348 927 1353 ’

199 1422 228 1479 3.
248 1417 359 1494 Inquit.
392 1418 434 1478 Ut
452 1422 561 1477 natura
575 1418 697 1500 quidam
712 1418 845 1480 homines
860 1419 1017 1479 imitantur
1031 1421 1280 1497 aemulanturque

107 1510 252 1585 pleraque
271 1509 350 1567 inter
369 1526 433 1566 sese
451 1508 483 1566 in
501 1507 678 1582 actionibus,
696 1508 739 1566 ita
760 1510 793 1566 ut
812 1509 906 1585 aliqui
924 1509 1082 1586 coloribus,
1102 1510 1153 1568 alii
1167 1509 1279 1587 figuris,

108 1598 243 1658 nonnulli
262 1597 383 1657 vocibus
402 1596 571 1656 imitentur:
592 1600 623 1655 et
641 1598 696 1657 hoe
715 1598 764 1656 vel
783 1601 848 1659 arte
868 1602 898 1657 et
917 1599 1033 1668 habitu,
1054 1599 1104 1675 qui
1120 1599 1279 1658 imitatori·
1300 1610 1332 1658 15

107 1688 163 1746 bus
182 1687 270 1764 inest,
289 1686 337 1747 vel
356 1686 393 1746 eb
413 1687 668 1762 consuetudinem,
687 1705 777 1761 quam
795 1687 879 1763 prius
898 1687 935 1746 de
954 1688 1010 1746 hoe
1029 1688 1213 1747 habuerunt:
1236 1688 1279 1746 ita

107 1795 224 1853 quoque
248 1776 278 1834 in
305 1775 489 1836 orationibus
517 1779 587 1834 sunt
611 1779 721 1834 natura
743 1775 920 1835 imitatores.
964 1777 1099 1835 Imitatio
1124 1781 1225 1837 autem
1248 1777 1280 1836 in

20 1925 23 1931 ,
107 1864 294 1924 sermonibus
319 1865 443 1940 poeticis
471 1867 561 1940 atque
586 1864 747 1922 aemulatio
774 1865 927 1925 extribus
954 1865 1075 1940 quidem
1098 1865 1145 1939 fit,
1172 1885 1278 1942 nempe

106 1955 261 2013 harmonia
284 1973 318 2012 ae
342 1972 465 2011 numero
489 1972 523 2011 ac
546 1952 674 2027 ipsamet
696 1951 871 2014 imitatione.
892 1944 1023 2013 lHorum
1047 1957 1149 2014 autem
1172 1974 1278 2012 unum·

106 2045 244 2118 quodque
270 2044 371 2117 petest
395 2041 556 2116 separatim
580 2045 611 2100 et
634 2060 768 2101 seorsum
791 2042 829 2101 ab
853 2043 912 2102 alio
936 2043 1061 2118 reperiri
1087 2044 1277 2119 quandoque:
1298 2055 1331 2102 20
1390 2090 1394 2102 .

106 2135 141 2190 ut
159 2131 316 2190 harmonia
334 2132 365 2188 in
384 2130 535 2205 *psalmia
554 2149 696 2190 numerus
715 2150 786 2191 vero
800 2131 832 2189 in
852 2132 974 2191 citharis
990 2126 1056 2208 (seu
1071 2125 1184 2212 choris)
1199 2133 1277 2207 ipsa-

106 2240 163 2296 que
187 2221 315 2279 imitatio
335 2219 367 2279 in
389 2220 536 2279 oratione:
561 2219 698 2296 intelligo
722 2239 873 2280 sermones
896 2221 1075 2280 imitatorios
1100 2239 1160 2280 non
1177 2221 1278 2280 metri-

98 2329 155 2370 cos
187 2328 283 2385 neque
314 2328 437 2368 numero
469 2309 677 2384 perliberatos.
724 2311 900 2385 quandoque
931 2329 1003 2370 vero
1033 2313 1158 2385 possunt
1189 2310 1278 2369 simul

105 2398 279 2474 permisceri
298 2399 370 2458 haee
389 2397 448 2457 tria
466 2398 603 2474 invicem,
628 2401 662 2457 ut
685 2398 720 2457 fit
738 2401 818 2474 apud
836 2398 963 2459 Arabes.
998 2398 1075 2458 fiunt
1098 2399 1177 2459 enim
1201 2418 1277 2475 quae

106 2488 144 2546 ab
163 2487 333 2547 hominibus
352 2488 440 2546 huius
463 2487 579 2546 insulae
602 2489 741 2562 poemata
761 2491 830 2546 sunt
848 2488 1022 2562 adinventa,
1046 2492 1206 2565 postquam
1228 2507 1276 2547 res
1296 2481 1329 2528 25

105 2577 189 2653 ipsae
213 2577 367 2636 naturales
390 2577 592 2636 continuerint
619 2578 710 2653 atque
734 2577 928 2652 aggregarint
951 2577 1015 2651 ipsa
1033 2580 1173 2652 poemata
1191 2581 1277 2636 natu-

106 2667 190 2726 ralia.
223 2667 305 2741 ipsas
324 2685 394 2725 vero
415 2683 463 2724 res
477 2665 632 2724 naturales
647 2665 864 2726 adinvenerunt
877 2667 961 2742 ipsae
977 2665 1100 2741 *gentes
1115 2667 1277 2728 naturales.

104 2756 135 2813 in
145 2757 279 2815 Arabum
293 2754 372 2813 enim
387 2755 573 2830 poematibus
588 2774 648 2814 non
660 2758 726 2814 erat
736 2754 900 2829 harmonia,
915 2756 966 2815 sed
982 2756 1030 2815 vel
1043 2757 1162 2814 tantum
1176 2773 1277 2814 nume-

104 2864 156 2903 rus
175 2846 223 2904 vel
243 2847 273 2903 et
291 2862 433 2902 numerus
452 2847 484 2902 et-
500 2843 631 2903 imitatio
648 2844 744 2904 simul.
782 2844 853 2902 Tria
872 2864 943 2922 erge
958 2847 1029 2903 sunt
1042 2863 1153 2920 genera
1167 2844 1277 2903 artium

104 2933 295 3010 imitantium,
310 2934 359 2993 vel
371 2953 448 3009 quae
463 2951 584 2992 munere
599 2932 735 2992 imitandi
749 2934 930 3008 funguntur:
946 2952 1059 3008 nempe,
1075 2952 1151 3008 quae
1161 2934 1277 2993 harmo-
1296 2944 1330 2991 30

104 3021 168 3097 nia,
191 3040 267 3096 quae
286 3040 422 3095 numero,
452 3025 481 3081 et
505 3040 581 3097 quae
605 3022 791 3082 sermonibus
814 3020 1002 3082 imitantibus
1026 3022 1130 3081 utitur.
1177 3026 1207 3081 et
1230 3026 1277 3082 est

105 3110 178 3168 haee
197 3128 255 3182 ars,
273 3111 309 3168 de
329 3130 389 3187 qua
406 3111 437 3169 in
456 3112 511 3170 hoc
530 3111 609 3170 libro
628 3111 757 3206 agiturq

195 3200 224 3257 4.
239 3198 349 3274 Inquit.
374 3200 463 3258 Multi
473 3200 664 3275 reperiuntur
678 3218 838 3276 sermonen,
853 3201 904 3275 qui
914 3202 1059 3261 vocantur
1069 3201 1216 3276 poemata,
1226 3200 1278 3275 qui

107 3286 184 3346 nihil
203 3287 356 3346 facultatis
374 3287 512 3347 Poeticae
531 3289 669 3348 obtinent
686 3291 806 3364 praeter
825 3307 982 3347 numerum
1002 3291 1132 3347 tantum:
1154 3290 1188 3347 ut
1206 3291 1277 3347 sunt

106 3395 257 3437 sermones
276 3376 393 3435 metrici
412 3375 505 3450 ipsius
525 3377 658 3438 Socratis
677 3396 712 3437 ae
735 3396 886 3437 sermones
905 3376 1094 3452 Empedoclis
1113 3378 1276 3438 naturales.
1295 3387 1329 3436 35

104 3467 136 3525 in
156 3465 341 3525 sermonibus
360 3484 431 3525 vero
450 3466 575 3540 poeticis
594 3466 690 3542 ipsius
709 3465 833 3525 Homeri
851 3468 974 3525 econtra
992 3466 1099 3526 evenit.
1136 3467 1276 3541 quoniam

105 3558 265 3632 utrumque
284 3554 404 3614 illerum
422 3555 572 3629 reperitur
590 3555 622 3613 in
641 3556 683 3613 eis
703 3555 799 3613 simul.

194 3645 223 3703 5.
242 3644 352 3720 Inquit.
390 3643 486 3714 (luam
511 3644 548 3703 ob
572 3664 636 3702 rem
655 3662 714 3705 non
732 3644 822 3703 debet
840 3662 909 3704 rere
928 3642 1076 3704 nominari
1093 3663 1199 3719 poema
1217 3643 1277 3704 nisi

104 3733 184 3807 quod
202 3732 274 3790 haec
294 3733 352 3792 duo
376 3734 583 3810 amplectatur.
620 3733 673 3791 illa
696 3733 792 3809 igitur
814 3734 934 3808 dignius
958 3733 1068 3792 debent
1091 3733 1192 3793 vocari
1214 3752 1275 3792 ser-

104 3840 205 3880 mones
225 3839 314 3896 quam
332 3826 484 3898 poemata:
505 3822 755 3899 quemadmodum
775 3823 805 3881 et
823 3822 875 3898 qui
893 3823 922 3881 in
942 3821 1079 3900 Physicis
1099 3821 1195 3881 utitur
1214 3840 1275 3881 ser·
1295 3832 1329 3879 40

104 3944 317 3951 —ss--fflffl

193 3997 225 4045 21
247 3991 278 4044 ln
296 3990 434 4060 margine:
458 4009 482 4046 a.
502 3993 519 4046 l.
544 3993 609 4058 (boc
632 3999 683 4047 est:
710 3993 761 4046 alii
785 3993 888 4061 lapaut)
911 3990 1021 4046 fistulis.
1130 3996 1164 4045 27
1184 3992 1205 4044 I.
1224 4008 1274 4046 m.:

62 4120 64 4123 ,
105 4079 128 4116 a.
149 4063 166 4118 l.
186 4063 312 4117 virtutes.
409 4108 411 4111 ,

197 4222 448 4289 eminuere.
532 4221 1005 4291 102Rhet.a,ep.1rosaass.
1091 4216 1274 4276 13343313.

111 4299 293 4347 17:4re21.
349 4298 535 4347 remman.
588 4299 771 4348 22:4raee.
827 4294 1014 4348 23:4rb24.
1062 4298 1275 4360 aemesam

106 4365 165 4417 reb
179 4371 222 4419 ao.
295 4371 328 4419 33
344 4385 351 4418 ι
366 4366 423 4419 arb
439 4371 463 4420 e.
537 4364 722 4420 38:47b18.
