2946 4944
267 180 398 237 Averrois
418 179 597 250 paraphrasis
616 177 646 234 in
664 179 765 234 librum
785 179 918 235 Poeticae
937 179 1105 236 Aristotelis.
1205 180 1271 244 365

104 351 262 410 simulatae
286 354 377 427 atque
404 351 491 410 fictae
520 350 711 426 eiusdemque
741 349 915 426 passionum
939 351 1061 427 adres,
1092 370 1171 426 quae
1195 352 1274 427 sunt,

104 443 205 500 umen
222 460 282 500 non
301 440 391 499 debet
409 439 512 516 quaeri
531 440 579 499 vel
597 441 628 497 in
647 458 704 498 usu
722 439 792 514 poni
811 440 841 497 in
861 440 927 515 ipsa
942 434 1122 517 Tragoedia,
1136 458 1212 517 quae
1227 442 1274 499 est

104 549 152 590 ars
171 529 323 589 laudandi.
361 529 509 597 Quoniam
528 530 554 586 is
573 529 678 588 modus
697 528 834 586 imitandi
856 547 889 587 ae
907 529 1039 604 fingendi
1056 549 1116 588 non
1134 530 1274 606 congruit

104 621 240 678 omnibus
265 619 395 676 naturis:
424 619 514 677 immo
537 619 638 694 plures
662 617 815 676 hominum
840 637 908 676 eum
933 618 1058 677 irrident
1087 619 1271 694 molesteque

102 707 212 768 ferunt.
246 708 292 765 Ex
305 707 352 765 his
366 707 461 782 igitur
473 709 559 782 patet
573 710 692 781 poetam
708 726 772 766 esse
787 710 906 782 poetam
924 727 978 783 per
997 726 1085 765 usum
1102 707 1272 765 fabularum
1292 719 1307 766 5

103 801 194 871 atque
202 799 374 873 metrorum,
384 796 640 872 prouthabetrim
648 795 1273 871 imitandi:ipseautemcireaimitationem

103 889 241 944 versatur
255 905 354 944 rerum
369 885 569 961 existentium,
590 903 666 960 quae
681 903 699 942 a
712 885 868 944 voluntate
883 886 1015 961 pendent
1033 890 1124 961 atque
1138 885 1272 944 arbitrio.

104 975 167 1033 Nee
192 993 278 1033 suum
302 977 349 1033 est
371 974 485 1033 imitari
507 977 627 1033 tanturn
650 992 685 1032 ea
708 994 784 1049 quae
809 978 893 1050 sunt,
916 993 1020 1034 verum
1043 979 1172 1050 atquae
1197 973 1272 1032 arbi-

103 1065 203 1122 tratur
224 1082 311 1139 posse
336 1083 409 1124 esse.
452 1064 489 1122 ob
509 1064 565 1121 hoc
589 1063 667 1121 enim
690 1066 780 1138 poeta
803 1066 864 1122 est:
887 1083 941 1122 neo
964 1066 1126 1140 propterea
1144 1082 1163 1121 a
1184 1065 1273 1138 poeta

104 1151 229 1211 discedit
246 1153 391 1213 imitando
410 1171 467 1228 ree,
486 1171 562 1228 quae
580 1155 659 1211 sunt.
695 1152 772 1210 nihil
790 1152 869 1212 euim
888 1153 1025 1227 prohibet
1039 1172 1075 1211 ea
1089 1153 1222 1211 extitisse
1237 1171 1271 1212 ee
1293 1162 1325 1210 10

103 1242 201 1317 modo,
234 1261 293 1318 que
329 1262 409 1301 nunc
439 1245 517 1300 sunt.
574 1240 714 1300 Ceterum
746 1261 805 1301 non
834 1243 952 1317 oportet
979 1241 1273 1317 praestantissimum

101 1335 222 1405 poetam
240 1331 383 1406 perficere
401 1331 602 1390 imitationem
619 1350 674 1406 per
693 1332 849 1406 exteriora,
868 1331 924 1389 hoo
943 1335 990 1390 est
1012 1332 1188 1389 histrionem
1207 1348 1272 1389 esse

103 1439 157 1494 per
175 1423 279 1495 gestus
299 1421 430 1496 corporis
450 1424 540 1498 atque
564 1421 674 1479 vultus
721 1420 777 1480 hoc
801 1420 879 1479 euim
902 1421 1122 1495 pseudopoetae
1146 1439 1180 1478 ao
1205 1420 1273 1478 falsi

103 1511 134 1566 et
151 1508 213 1566 ficti
227 1508 373 1568 efficiunt:
393 1509 444 1587 qui
463 1509 603 1570 videlicet
621 1510 728 1569 volunt
746 1528 891 1585 apparere
910 1512 1024 1584 poetae,
1044 1528 1109 1567 cum
1129 1528 1189 1566 non
1203 1509 1272 1567 sint.

101 1615 197 1672 neque
219 1598 340 1673 probati
362 1602 469 1675 poetae
493 1599 524 1656 id
548 1599 656 1675 agunt,
682 1599 742 1656 nisi
768 1616 834 1656 eum
858 1602 1006 1672 quaerunt
1029 1602 1144 1657 certare
1167 1600 1271 1657 contra
1292 1608 1325 1655 15

101 1705 188 1743 usum
209 1687 352 1746 falsorum
371 1691 536 1764 poetarum.
576 1686 627 1746 sed
647 1687 673 1746 si
691 1689 795 1746 contra
814 1687 941 1762 optimos
960 1689 1065 1762 poetas
1089 1690 1214 1760 certant,
1241 1685 1272 1744 id

103 1775 184 1833 nulle
197 1777 284 1836 mode
299 1780 401 1853 agunt.
429 1775 688 1836 Praestantissimi
701 1779 803 1834 tamen
817 1778 923 1850 poetae
935 1775 1112 1851 quandoque
1122 1779 1272 1851 eoguntur

102 1864 147 1921 uti
166 1865 306 1940 episodiis
325 1868 357 1923 in
374 1868 441 1941 ipsa
460 1866 571 1937 fabula,
590 1864 646 1922 hoc
665 1867 712 1923 est
729 1860 948 1923 introductione
965 1884 1066 1923 rerum
1081 1865 1272 1942 exteriorum,

101 1952 196 2012 idest
219 1954 399 2013 histrionum
417 1954 530 2028 gratia,
555 1956 646 2029 atque
670 1953 835 2012 alienarum
858 1953 917 2028 ipsi
936 1954 1063 2012 fabulae.
1115 1972 1172 2012 uon
1193 1955 1271 2012 enim

101 2061 218 2117 semper
237 2042 271 2099 fit
289 2042 417 2099 imitatio
437 2061 538 2100 rerum
556 2042 765 2118 perfectarum,
783 2061 858 2118 quas
877 2061 1037 2117 possumus
1056 2043 1187 2117 perfecte
1206 2043 1269 2099 imi·
1291 2053 1324 2102 20

57 2141 60 2147 ’
101 2131 169 2203 tari,
189 2131 240 2188 sed
260 2148 361 2188 rerum
379 2130 469 2189 etiam
491 2131 743 2207 imperfectorum,
767 2150 843 2207 quae
867 2131 988 2190 difficile
1011 2131 1222 2207 confinguntur
1240 2131 1269 2189 in

102 2218 243 2276 oratione.
286 2221 316 2278 et
334 2219 400 2279 ideo
419 2219 450 2277 in
469 2239 571 2278 earum
595 2220 1011 2280 imitatione-introducuntur
1030 2239 1077 2280 res
1097 2221 1267 2296 exteriores,

100 2307 278 2381 praesertim
296 2326 365 2366 eum
384 2310 538 2384 quaeritur
557 2309 669 2368 imitari
690 2309 770 2384 ipsas
795 2310 968 2387 sententias,
992 2329 1118 2385 quarum
1141 2311 1269 2370 imitatio

100 2400 147 2455 est
169 2397 367 2474 perdifficilis,
394 2417 461 2457 cum
483 2419 543 2458 uon
567 2399 628 2458 sint
651 2387 783 2458 actiones
808 2418 904 2474 neque
928 2399 1123 2457 substantiae.
1169 2399 1271 2457 Admi-

99 2489 219 2544 soentur
236 2489 393 2563 praeterea
415 2506 628 2562 nonnunquam
646 2490 736 2562 atquo
755 2487 985 2546 introducuntur
1003 2487 1206 2547 huiuscemodi
1221 2506 1269 2546 res
1289 2496 1322 2544 25

99 2575 291 2652 extrinsecae,
310 2579 341 2635 et
355 2581 401 2636 est
415 2577 446 2634 id
465 2576 545 2651 quod
559 2579 683 2636 vocatur
697 2576 804 2635 histrio
820 2579 850 2635 et
864 2579 967 2652 gestus
982 2577 1084 2637 vultus
1099 2577 1130 2635 in
1145 2577 1269 2652 poeticis

99 2663 330 2742 imitationibus,
364 2685 399 2724 ac
422 2666 448 2724 si
470 2684 540 2725 casu
564 2665 612 2725 vel
640 2665 761 2724 fortuna
788 2669 909 2742 praeter
936 2667 1057 2740 aliquod
1085 2666 1270 2742 propositum

98 2753 255 2826 provenire
279 2758 455 2831 appareant:
481 2755 694 2831 habebuntque
719 2755 926 2814 admirandam
949 2754 1110 2826 actionem,
1136 2774 1203 2813 oum
1227 2775 1270 2830 ea,

98 2861 175 2915 quae
193 2862 212 2901 a
230 2843 354 2903 fortuna
372 2844 610 2920 proficiscuntur,
630 2845 860 2903 admirationem
879 2864 950 2919 prae
970 2863 1001 2902 se
1020 2844 1126 2901 ferant.

189 2934 239 2989 24.
249 2933 360 3009 Inquit.
384 2933 489 2993 Plures
503 2934 623 3009 quidem
637 2933 757 2992 fabulae
767 2934 882 3008 pollent
895 2935 985 3009 atquo
998 2934 1155 3008 praestant
1164 2931 1195 2990 in
1204 2931 1269 2989 imi·
1288 2942 1323 2990 30

98 3018 212 3076 tatione
231 3021 367 3099 simplici,
386 3042 445 3082 non
464 3022 560 3082 divisa
578 3018 610 3080 in
629 3021 728 3081 varios
747 3023 862 3081 modos:
881 3023 982 3097 plures
1001 3041 1071 3081 vero
1091 3021 1166 3079 aliae
1185 3040 1269 3096 prae-

99 3107 181 3164 stant
194 3105 226 3164 in
240 3107 384 3168 divisione
399 3112 555 3170 modorum
569 3110 703 3184 eorporis
719 3110 824 3170 similis
840 3114 930 3186 atque
941 3111 1124 3169 imitationis
1158 3110 1268 3168 etenim

98 3196 132 3252 ut
145 3213 194 3252 res
209 3214 241 3254 se
261 3196 351 3255 habet
368 3199 400 3255 in
413 3199 590 3276 imitatione,
608 3199 652 3257 ita
665 3199 697 3256 in
711 3201 886 3274 senonibus,
906 3219 995 3275 quem
1009 3200 1047 3257 ad
1061 3200 1182 3258 modum
1197 3218 1268 3274 ergo

97 3284 247 3343 actionum
263 3284 321 3344 alia
336 3285 464 3345 eflicitur
479 3289 563 3347 unico
581 3287 710 3362 simplici
725 3291 793 3346 actu
808 3281 852 3368 (id
868 3290 915 3346 est
928 3306 988 3345 una
1001 3289 1141 3347 continua
1155 3288 1267 3365 absque

96 3364 271 3454 peripetia),
296 3374 355 3433 alia
378 3394 447 3434 vero
471 3395 529 3434 uno
554 3378 623 3434 actu
643 3377 806 3452 composito
826 3380 857 3434 et
879 3376 1022 3454 implexo,
1047 3377 1091 3435 ita
1111 3377 1202 3435 etiam
1231 3376 1267 3435 de
1286 3387 1320 3433 35

96 3461 263 3522 imitatione
282 3467 329 3522 est
347 3464 513 3524 dicendum.
551 3465 608 3524 Est
627 3468 728 3523 autem
748 3465 873 3539 simplex
891 3466 1029 3541 imitatio,
1048 3466 1079 3523 in
1094 3484 1153 3541 qua
1167 3466 1268 3542 agitur

96 3551 224 3610 alterum
251 3553 375 3612 duorum
402 3573 546 3630 generum
572 3554 762 3628 imitationiS‚
793 3554 931 3613 videlicet
961 3556 1009 3614 vel
1040 3556 1117 3631 quod
1144 3559 1268 3615 vocatur

146 3708 308 3716 rm*—

184 3791 407 3849 8arhitrantur?
522 3803 554 3849 13
575 3796 657 3849 liber:
677 3795 776 3864 pseudi
796 3796 905 3864 poetae.
1024 3795 1107 3849 361n
1126 3797 1265 3865 margine:

94 3862 191 3931 Inquit
214 3865 360 3934 interpres.
380 3867 555 3921 Contrarium
582 3869 691 3920 videtur
715 3868 831 3920 innuere
850 3867 1028 3935 Aristoteles,
1054 3884 1116 3920 cum
1143 3867 1213 3920 dicit
1238 3870 1265 3921 in

95 3934 216 4004 simplici
235 3937 343 3989 nullum
356 3938 456 3991 horum
474 3939 597 4006 reperiri,
617 3938 646 3991 in
664 3937 787 4007 implexa
804 3954 871 3991 vero
887 3940 930 3991 vel
946 3939 1119 4007 agnitionem
1135 3939 1179 3993 vel
1193 3941 1265 4008 peri-

95 4007 200 4072 petiam
220 4006 264 4062 vel
283 4011 428 4085 utramque
448 4008 507 4076 (lib.
527 4009 656 4079 utraque)
675 4008 797 4079 reperiri.

183 4222 364 4291 aurbus).
437 4221 667 4276 &albas-ae,
736 4222 1030 4291 &elasaoobleq
1091 4223 1264 4277 8-11251b

94 4296 207 4346 29-32.
289 4295 572 4362 11:-?(62a11?)
652 4294 827 4348 17:51b36.
885 4301 1072 4349 '19:60a27.
1145 4299 1265 4349 28:52a

93 4368 189 4416 4-210.
263 4371 380 4418 Βοὴ-ὴ
452 4370 771 4418 32-36:52a12-18.
