2946 4944
281 194 410 250 Avcrrois
429 193 609 265 paraphrasis
626 193 656 248 in
674 194 777 249 librum
796 194 927 249 Poeticae
945 193 1114 250 Aristotelis.
1218 195 1279 258 371

114 367 144 424 in
163 365 317 425 affectibus
338 363 542 424 sensibilibus:
562 364 667 440 utqui
686 363 787 440 aliqua
803 366 887 422 astra
901 382 1005 424 cancro
1021 358 1162 439 similant,
1182 365 1283 440 aliqua
1337 365 1339 367 ’

115 456 174 514 alia
193 455 333 530 serpenti,
359 453 568 530 quiapropter
587 453 712 529 figuram
733 453 833 528 potest
856 453 964 529 aliquis
989 453 1134 529 suspicari
1158 456 1188 512 et
1210 454 1281 512 ima-

114 545 210 620 ginari
231 563 294 603 esse
315 542 426 615 eadem,
447 543 517 617 quia
536 542 754 602 communicant
772 542 803 600 in
822 562 854 600 re
874 542 1014 601 sensibili.
1053 545 1084 601 et
1101 543 1197 601 maior
1211 561 1281 617 pars

112 634 314 692 imitationum
333 632 467 691 Arabum
487 635 559 690 sunt
577 632 665 690 huius
683 631 801 708 generis
821 635 852 689 et
869 631 935 690 ideo
954 631 1060 690 literae
1076 630 1280 690 similitudinis

112 723 192 799 apud
216 741 266 781 eos
291 721 476 780 dubietatem
499 715 636 800 afferunt.
678 722 719 780 nt
741 726 852 795 quanto
875 720 993 780 fictores
1016 720 1114 796 magis
1138 722 1282 780 accedunt
1301 734 1316 783 5

112 813 150 871 ad
178 812 363 870 dubietatem
391 811 586 887 afferendam,
616 813 701 869 tanto
729 809 869 869 videntur
897 829 961 869 esse
989 810 1223 885 praestantiores
1250 810 1282 869 in

113 901 262 976 fingendo.
300 902 420 959 econtra
440 919 518 976 vero,
538 902 649 975 quanto
669 900 766 957 minus
781 899 1010 975 ambiguitatem
1025 899 1163 973 afferunt,
1182 899 1280 960 minus

112 993 267 1066 praestant
294 989 324 1047 in
352 989 512 1064 imitando,
544 1008 621 1064 quae
654 984 774 1064 quidem
801 988 984 1048 imitationes
1011 991 1144 1049 remotae
1172 988 1281 1048 debent

112 1079 230 1158 omnino
250 1078 357 1139 omitti.
395 1075 478 1137 Sunt
492 1081 522 1137 et
540 1077 689 1155 quaedam
707 1077 778 1151 alia,
803 1096 879 1153 quae
898 1077 1054 1136 imitantur
1077 1066 1136 1138 res*
1148 1078 1282 1136 denomi-

110 1171 196 1227 natas
226 1187 260 1226 ac
289 1168 453 1243 descriptas
483 1185 536 1242 per
563 1167 706 1243 quasdam
731 1186 778 1226 res
810 1170 958 1241 sensatas,
988 1167 1206 1242 quandoillae
1232 1186 1281 1227 res
1302 1180 1334 1229 10

111 1260 249 1316 sensatae
285 1256 398 1315 habent
428 1256 558 1315 actiones
588 1256 830 1331 proportionatae
863 1259 894 1314 et
926 1256 1189 1332 correspondentes
1219 1257 1282 1336 illis

112 1346 403 1405 denominationibus
423 1365 477 1404 seu
495 1345 649 1421 epithetis,
673 1344 716 1403 ita
734 1348 768 1403 ut
792 1345 979 1404 existimetur
998 1363 1048 1403 eas
1068 1363 1132 1404 csse
1152 1344 1279 1406 easdem.

110 1439 145 1495 ut
159 1455 227 1495 cum
241 1435 344 1493 dicunt
357 1435 489 1512 gratiam
503 1453 567 1493 esse
581 1434 690 1492 monile
710 1434 867 1509 quoddam,
886 1434 935 1494 vel
949 1438 997 1493 est
1010 1437 1142 1510 torqueS,
1156 1435 1187 1493 et
1201 1435 1281 1510 quod

110 1524 304 1584 beneficentia
324 1528 370 1584 est
388 1525 519 1599 ligamen
542 1524 699 1601 quoddam,
723 1527 757 1582 ut
781 1524 897 1583 dicebat
923 1523 996 1582 alibi
1019 1523 1049 1581 in
1073 1523 1202 1599 quodam
1226 1544 1279 1583 suo

110 1614 249 1674 carmine.
287 1615 318 1673 et
335 1613 424 1672 huius
442 1613 562 1689 generis
581 1614 677 1671 multa
696 1614 887 1688 reperiuntur
905 1612 1037 1672 carmina
1055 1613 1135 1688 apud
1154 1612 1279 1691 Arabes,
1301 1623 1333 1673 15

111 1704 162 1762 sed
182 1722 257 1779 quae
276 1722 335 1762 non
355 1702 588 1777 correspondent
605 1721 701 1777 neque
721 1705 791 1760 sunt
806 1703 1032 1777 proportionata
1047 1702 1094 1761 vel
1109 1701 1225 1776 similia,
1244 1706 1281 1762 ut

111 1793 247 1870 diximus,
266 1793 376 1852 debent
391 1791 510 1851 omnino
530 1791 665 1867 relinqui.
694 1792 749 1850 hoc
763 1793 864 1850 tamen
878 1810 973 1867 genus
988 1793 1116 1850 multum
1130 1791 1279 1866 reperitur

110 1883 140 1941 in
160 1883 348 1958 poematibus
372 1881 582 1940 recentiorum.
620 1879 663 1938 At
682 1881 931 1955 quemadmodum
951 1898 994 1955 ea,
1017 1899 1094 1956 quae
1114 1885 1184 1939 eunt
1202 1881 1279 1939 diffi-

108 1970 176 2030 cilia
194 1972 332 2046 inventu,
357 1970 467 2028 debent
485 1968 628 2046 relinqui,
653 1971 697 2028 ita
721 1970 811 2028 etiam
834 1970 961 2029 imitatio
986 1969 1030 2028 rei
1053 1970 1225 2029 excellentis
1249 1973 1279 2028 et

107 2060 216 2118 nobilis
236 2079 289 2134 per
307 2059 395 2119 rilem
416 2059 505 2117 debet
524 2058 637 2118 omitti:
663 2059 754 2118 immo
778 2057 907 2117 imitatio
932 2059 1022 2117 debet
1040 2059 1105 2117 fieri
1123 2079 1176 2133 per
1194 2078 1278 2134 prae-
1297 2069 1341 2116 20-

107 2149 262 2208 stantiora.
1286 2194 1289 2199 .

199 2239 250 2296 47.
265 2236 375 2312 lnquit.
411 2238 503 2296 Extat
522 2236 619 2296 adhuc
638 2237 718 2295 aliud
735 2256 828 2313 genus
848 2237 1027 2312 fabularum,
1046 2236 1185 2296 videlicet
1203 2255 1279 2312 quae

108 2328 208 2404 potius
228 2325 265 2385 ad
283 2327 441 2385 veritatem
461 2329 491 2385 et
509 2326 734 2402 persuasionem
753 2327 895 2385 accedunt
915 2346 1004 2403 quam
1024 2326 1061 2383 ad
1079 2325 1278 2385 imitationem

107 2420 138 2476 ct
156 2417 305 2475 fictionem
325 2419 356 2474 et
380 2416 418 2474 ad
442 2417 577 2491 exempla
595 2415 756 2474 Rhetorica
778 2415 876 2490 magis
903 2416 1047 2474 accedunt
1070 2435 1159 2492 quam
1182 2415 1277 2474 imita-

106 2506 218 2566 tionem
237 2505 393 2580 poeticam.
427 2504 577 2579 huiusque
596 2504 716 2579 generis
735 2505 867 2562 carmina
885 2504 981 2562 multa
1000 2506 1071 2562 sunt
1089 2504 1232 2564 Arabum.
1296 2513 1330 2562 25

196 2597 248 2654 48.
264 2594 377 2670 Inquit.
403 2594 540 2652 Tertium
554 2595 656 2651 autem
671 2612 764 2670 genus
779 2592 955 2652 imitationis
971 2595 1018 2652 est
1032 2593 1115 2670 illud,
1131 2594 1209 2669 quod
1224 2612 1277 2668 per

107 2683 358 2742 reminiscentiam
378 2683 425 2742 fit:
446 2685 481 2740 ut
500 2701 565 2742 cum
585 2684 675 2757 poeta
694 2682 781 2740 affert
799 2683 921 2758 aliquid,
945 2701 1003 2758 quo
1023 2682 1054 2739 in
1073 2681 1205 2741 animum
1224 2682 1276 2740 ali-

106 2773 178 2848 quid
197 2772 278 2832 aliud
296 2775 426 2847 revocat,
445 2775 479 2831 ut
498 2773 523 2832 si
542 2772 608 2849 quis
628 2771 806 2848 scripturam
824 2771 951 2830 alicuius
967 2771 1138 2846 inspexerit,
1156 2774 1278 2846 propter

107 2882 195 2938 quam
214 2862 388 2921 recordatur
411 2863 447 2921 de
471 2881 505 2920 eo
526 2864 556 2920 et
575 2861 657 2920 dolet
680 2862 717 2920 de
740 2861 818 2937 ipsc,
843 2860 868 2920 si
887 2863 934 2919 est
956 2863 1106 2932 mortuus,
1130 2863 1184 2918 aut
1201 2859 1277 2918 desi-

107 2952 189 3010 derio
213 2951 350 3025 afficitur,
376 2952 401 3009 si
420 2950 502 3010 vivit.
545 2951 601 3010 hoc
620 2951 711 3009 etiam
730 2968 825 3027 genus
844 2950 1009 3009 carminum
1028 2949 1178 3024 reperitur
1197 2950 1276 3024 apud
1295 2960 1329 3008 30

107 3039 222 3098 Arabes
251 3058 346 3114 saepe.
397 3040 466 3098 huic
493 3039 647 3116 proximus
676 3041 723 3099 est
749 3058 822 3098 usus
850 3039 985 3098 Arabum
1013 3057 1049 3097 ex
1073 3038 1277 3097 recordatione

107 3129 269 3188 amicorum
287 3128 317 3185 in
336 3128 514 3205 imitatione,
532 3148 607 3206 quos
621 3149 654 3189 re
672 3129 791 3188 imitata
809 3129 928 3188 habent.
966 3126 1162 3185 Multifariam
1177 3130 1277 3185 tamen
1368 3193 1371 3201 Ι

105 3218 222 3277 Arabes
242 3219 368 3276 utuntur
392 3217 616 3292 assimilatione,
640 3218 778 3294 modique
800 3217 894 3292 ipsius
918 3235 989 3276 usus
1009 3219 1081 3275 sunt
1098 3217 1208 3291 plures.
1247 3219 1278 3275 et

105 3308 172 3366 ideo
191 3307 377 3386 aestimatur,
401 3307 479 3382 quod
499 3307 539 3366 eit
558 3327 594 3366 ex
613 3306 685 3366 locis
708 3306 832 3382 poeticis
853 3306 981 3382 propriis
1005 3324 1089 3363 amor
1107 3304 1277 3380 mulierum,

106 3397 216 3456 attinet
232 3400 333 3456 tamen
353 3396 530 3473 quandoque
550 3397 587 3455 ad
607 3395 848 3455 misericordiam.
1294 3405 1328 3454 35

196 3488 248 3545 49,
261 3486 374 3562 Inquit.
410 3484 556 3554 Quartum
565 3505 660 3562 genus
674 3485 849 3544 imitationis
860 3486 907 3543 est
919 3502 1085 3543 memorare
1100 3484 1221 3559 aliquod
1234 3483 1277 3542 in-

107 3575 261 3634 dividuum
279 3575 374 3635 simile
394 3574 482 3634 alteri
501 3575 632 3634 eiusdem
646 3575 773 3652 generis.
812 3574 894 3633 Talis
914 3577 1014 3632 autem
1033 3574 1198 3633 similitudo
1217 3593 1277 3632 non

107 3664 172 3738 erit,
190 3663 249 3722 nisi
267 3667 314 3723 vel
332 3665 364 3723 in
382 3683 464 3724 more
479 3665 527 3724 vel
541 3665 572 3722 in
591 3666 695 3741 forma,
719 3667 754 3722 ut
773 3665 798 3722 si
818 3665 884 3740 quis
904 3663 1024 3722 dixerit:
1043 3664 1125 3723 venit
1143 3663 1204 3735 ille,
1224 3663 1277 3738 qui

107 3758 154 3813 est
172 3753 277 3813 similis
295 3753 430 3831 Iosepho.
469 3753 639 3813 Declaratio
660 3756 761 3812 autem
784 3773 838 3829 per
857 3753 954 3812 simile
974 3755 1021 3811 est
1039 3752 1189 3811 contraria
1207 3752 1274 3809 imi-

106 3842 223 3903 tationi.
259 3843 386 3901 imitatio
406 3844 484 3901 enim
504 3846 550 3903 est
564 3843 771 3920 ambiguitatis
790 3842 918 3918 suspicio
937 3861 971 3901 ac
989 3840 1180 3900 intromissio.
1217 3840 1275 3900 De·
1295 3851 1329 3900 40

107 3933 231 3993 claratio
250 3949 321 3992 vero
341 3931 543 3992 similitudinis
563 3932 715 3992 interduo
731 3935 777 3991 cst
790 3931 951 4007 verificare,
971 3929 1051 4006 quod
1066 3930 1155 3988 datur
1169 3929 1276 4006 simile,

107 4026 137 4081 et
151 4023 177 4081 is
194 4024 241 4081 est
254 4021 322 4079 finis
337 4019 560 4081 convenientiae
574 4023 669 4098 ipsius
687 4020 900 4097 similitudinis,
919 4019 1058 4079 videlicet
1071 4039 1138 4078 cum
1153 4019 1275 4078 dicitur:

106 4111 175 4169 talis
195 4109 365 4170 estsimilis
384 4109 447 4168 tali.

196 4266 230 4314 34
247 4261 319 4316 liber
338 4261 387 4315 sit:
407 4259 501 4316 nescio
520 4278 557 4316 an
576 4263 607 4315 fit
626 4263 663 4315 sit
681 4263 838 4330 legendum.

106 4356 317 4440 *ir—:Ii
391 4390 588 4457 raqssare).
667 4385 970 4442 semeber-asae.
1044 4389 1274 4440 masaa-12.
