2946 4944
275 188 407 243 hverrois
426 187 605 257 paraphrasis
624 187 654 241 in
675 186 778 240 librum
796 186 928 241 Poeticae
947 186 1114 241 Aristotelis.
1216 186 1279 249 381

108 361 230 436 propter
244 377 321 435 quae
341 359 460 433 oportet
477 360 597 433 poetam
613 355 730 431 corripi.
772 355 908 414 Primum
922 359 977 432 est,
997 356 1074 430 quod
1089 357 1224 416 imitetur
1242 357 1281 432 id,

108 450 186 524 quod
205 453 251 508 est
264 447 463 523 impossibile:
484 447 624 523 quoniam
638 445 767 504 imitatio
783 444 873 504 debet
891 464 956 504 esse
971 445 1007 504 de
1021 464 1061 517 re,
1082 465 1157 520 quae
1173 448 1219 504 est
1232 447 1282 504 vel

108 539 299 598 existimatur
318 556 390 610 esse,
410 538 446 594 ut
464 536 633 611 confingere
653 535 748 593 malos
768 553 822 610 per
839 535 999 593 daemones
1013 536 1063 593 vel
1076 554 1130 610 per
1143 536 1183 612 id,
1202 534 1282 611 quod

108 631 155 687 est
182 627 324 703 possibile
351 627 439 684 utin
462 625 601 701 pluribus
625 625 674 683 vel
699 623 730 681 in
754 623 943 699 paucioribus
968 624 1018 683 vel
1044 623 1081 682 ad
1104 623 1282 683 utrumlibet

106 716 320 775 indifferenter.
353 715 408 774 hoe
423 715 502 773 enim
515 732 611 791 genus
625 733 726 773 rorum
741 713 837 790 magis
852 713 990 789 congruit
1000 713 1177 772 Rhetoricae
1191 732 1281 790 quam
1301 724 1316 772 5

107 806 246 865 Poeticae
265 805 411 863 facultati.

197 894 364 953 Secundum
388 895 542 969 peccatum
566 896 672 967 poetae
703 893 765 967 est,
795 893 830 949 ut
858 891 998 950 falsificet
1024 892 1224 950 imitationem
1247 894 1282 950 ut

107 984 212 1058 pictor,
232 984 282 1059 qui
302 982 393 1042 addat
411 984 442 1042 in
457 983 559 1057 aliqua
572 981 670 1057 figura
684 981 806 1056 aliquod
820 981 997 1057 membrum,
1016 982 1095 1057 quod
1109 1000 1168 1040 non
1182 981 1281 1055 habet,

107 1073 156 1131 vel
175 1092 241 1132 eam
264 1072 410 1147 depingat
428 1072 460 1129 in
482 1072 560 1147 loeo,
587 1070 617 1128 in
642 1089 700 1147 qno
724 1089 784 1129 non
807 1071 897 1129 debet
920 1089 994 1131 esse.
1031 1074 1066 1128 ut
1084 1071 1109 1129 si
1132 1071 1232 1145 proles
1250 1070 1282 1128 in

70 1212 72 1215 .
107 1162 199 1236 priori
214 1166 300 1237 parte
316 1160 477 1219 animantis
499 1160 625 1235 effingat
639 1159 850 1236 quadrupedia,
870 1178 976 1218 manus
990 1179 1061 1220 vero
1072 1159 1102 1218 in
1112 1158 1281 1234 posteriori.
1301 1170 1334 1218 10

106 1251 241 1310 Tertium
256 1254 412 1326 peccatum
428 1252 476 1308 est
494 1249 636 1326 effingere
656 1249 819 1308 rationalia
837 1250 1002 1308 animantia
1016 1268 1070 1325 per
1083 1249 1281 1308 irrationalia:

107 1342 248 1414 quoniam
266 1339 323 1398 hoc
341 1359 459 1416 quoque
484 1341 530 1397 est
550 1358 585 1396 ex
608 1338 681 1396 locis
705 1338 910 1412 correptionis.
952 1358 1021 1397 nam
1044 1339 1157 1398 veritas
1176 1338 1208 1396 in
1226 1339 1282 1396 hac

104 1429 274 1488 imitatione
294 1429 352 1487 erit
370 1429 489 1505 exigua,
508 1427 625 1486 falsitas
645 1446 716 1487 voro
730 1427 868 1503 plurima.
902 1427 961 1486 nisi
975 1429 1054 1487 forte
1069 1427 1135 1504 quis
1151 1427 1282 1503 aliquem

104 1517 241 1577 imitetur
259 1518 398 1577 affectum
413 1517 510 1593 ipsius
525 1517 689 1591 rationalia,
708 1517 760 1592 qui
775 1517 815 1576 sit
830 1518 994 1577 communis
1007 1517 1150 1579 rationali
1164 1519 1195 1575 et
1208 1517 1282 1574 irra-

105 1607 224 1666 tionali:
244 1608 299 1666 hoo
317 1610 421 1666 autem
440 1607 471 1665 in
489 1607 704 1665 consuetudine
724 1608 802 1664 solet
816 1624 890 1682 esse,
910 1610 945 1665 ut
958 1607 1125 1665 assimilare
1139 1606 1280 1665 mulieres
1302 1616 1334 1663 15

104 1698 208 1756 corvis.
245 1695 390 1766 Quartum
409 1699 564 1772 peccatum
584 1698 630 1755 est
648 1695 762 1753 imitari
777 1695 890 1769 aliquid
903 1714 957 1771 per
972 1696 1085 1771 aliquid
1102 1696 1199 1755 simile
1213 1715 1278 1754 con-

103 1786 198 1844 trario
223 1787 286 1845 eius
305 1789 360 1845 aut
382 1805 436 1861 per
459 1786 613 1861 proprium
637 1785 828 1844 eontrarium.
871 1783 1016 1854 Quintum
1040 1787 1099 1859 est,
1123 1787 1148 1843 si
1172 1786 1279 1844 afferat

103 1876 232 1948 nomina,
258 1894 334 1950 quae
357 1875 561 1933 indifferenter
580 1874 750 1950 significant
773 1874 919 1950 opposita,
944 1878 979 1933 ut
993 1875 1111 1948 amotio,
1139 1877 1169 1932 et
1183 1875 1279 1933 multa

103 1964 163 2023 alia
181 1965 213 2022 in
231 1965 337 2040 lingua
354 1963 486 2022 Arabica
503 1963 704 2039 reperiuntur.

193 2053 327 2129 Sextum,
350 2054 385 2110 ut
404 2052 430 2111 si
448 2052 597 2111 dimiserit
619 2052 818 2112 imitationem
838 2052 986 2129 poeticam
1010 2055 1041 2111 et
1063 2053 1229 2110 transferat
1247 2072 1278 2112 se
1298 2063 1332 2111 20

103 2142 141 2200 ad
160 2141 386 2216 persuasionem
400 2142 448 2201 vel
463 2142 501 2201 ad
521 2161 606 2201 veras
622 2143 781 2219 orationes,
801 2142 981 2217 praesertim
996 2161 1063 2200 cum
1079 2143 1174 2201 oratio
1188 2142 1279 2201 fuerit

105 2230 249 2290 derisoria
268 2234 299 2289 et
317 2232 438 2290 demens
457 2231 597 2290 minimae
616 2232 828 2308 persuasionis.
866 2232 921 2290 hoc
944 2234 1046 2290 tamen
1064 2250 1159 2308 genus
1178 2233 1278 2306 potest

55 2324 57 2327 ’
105 2338 170 2378 εεεε
189 2321 367 2395 quandoque
386 2340 559 2398 congruum,
579 2322 719 2380 videlieet
736 2340 804 2380 cum
823 2321 917 2379 fuerit
935 2321 1061 2397 exiguae
1075 2321 1278 2396 persuasionis
1310 2381 1314 2386 ,

105 2410 153 2469 vel
171 2428 290 2469 verum:
309 2410 364 2469 hoc
383 2414 429 2469 est
447 2409 527 2485 quod
544 2410 576 2467 in
596 2430 629 2469 eo
650 2411 689 2469 sit
708 2410 816 2486 exigua
834 2410 974 2470 varietas

194 2502 244 2558 77.
264 2499 374 2575 Inquit.
412 2498 444 2557 Si
459 2500 525 2558 loca
539 2500 652 2574 peccati
668 2502 738 2558 sunt
753 2518 805 2558 sex
824 2503 855 2558 et
868 2501 934 2559 loca
949 2499 1107 2559 solutionis
1126 2502 1198 2559 sunt
1215 2500 1276 2558 illis
1296 2509 1331 2558 25

103 2588 253 2663 opposita:
273 2607 344 2666 ergo
358 2589 425 2648 loca
438 2588 553 2663 peccati
568 2588 735 2648 essentialis
750 2591 781 2647 et
795 2589 962 2663 solutionis,
982 2607 1058 2664 quae
1073 2592 1144 2648 sunt
1157 2589 1279 2665 propria

102 2676 199 2751 poesi,
228 2681 317 2735 erunt
339 2678 508 2754 duodecim,
542 2678 654 2737 seilicet
678 2696 728 2737 sex
756 2681 879 2755 peccata
903 2679 934 2737 et
962 2697 1014 2737 sex
1037 2679 1200 2738 solutiones
1225 2699 1277 2738 scu

103 2765 310 2825 correctiones.
361 2767 590 2843 exemplarem
619 2769 776 2827 solutionis
802 2787 862 2826 non
889 2769 1081 2843 reperiuntur
1108 2768 1187 2844 apud
1215 2788 1278 2844 nos,

103 2854 174 2928 quia
204 2855 300 2914 nostri
330 2858 436 2932 poetae
464 2856 539 2915 nihil
570 2859 677 2917 horum
704 2862 907 2935 cognoverunt
929 2858 977 2917 vel
1006 2859 1277 2917 consideraverunt.

103 2943 185 3001 Haec
203 2945 326 3019 inquam
346 2949 392 3005 est
411 2965 528 3004 summa
547 2965 658 3019 eorum,
684 2965 759 3022 quae
783 2947 953 3022 intelligere
972 2945 1126 3022 potuimus
1151 2948 1188 3006 dc
1212 2966 1277 3006 sen·
1295 2958 1329 3006 30

103 3031 215 3100 tentiis,
234 3051 308 3108 quas
323 3033 502 3093 Aristoteles
518 3035 623 3092 attulit
635 3036 667 3092 in
682 3036 738 3094 hoc
754 3035 831 3094 libro
846 3036 925 3095 circa
940 3036 1091 3095 orationes
1106 3055 1276 3095 communes

103 3121 216 3178 cunctis
235 3123 396 3196 generibus
416 3123 554 3182 Poeticae
577 3124 731 3183 facultatis
751 3143 785 3183 ac
804 3125 941 3200 proprias
963 3125 1157 3201 Tragoediae,
1180 3125 1211 3183 id
1231 3128 1278 3184 cst

103 3227 274 3268 communes
294 3212 431 3270 omnibus
450 3213 499 3271 vel
517 3212 655 3287 plurimis
676 3232 788 3272 aarum.
834 3214 992 3290 Reliquum
1007 3233 1087 3291 vero,
1107 3216 1186 3290 quod
1202 3215 1277 3273 dixit

102 3298 134 3356 in
158 3298 214 3358 hoc
236 3300 315 3359 libro
339 3299 376 3358 de
402 3300 589 3376 differentiis,
615 3321 691 3378 quae
717 3303 820 3361 insunt
845 3304 968 3378 reliquis
993 3304 1154 3379 generibus
1178 3305 1276 3379 poesis

101 3388 182 3462 apud
201 3387 330 3448 Graecos
354 3407 389 3447 ao
411 3389 470 3464 ipsi
487 3389 686 3466 Tragoediae‚
711 3393 896 3468 estquidam
917 3393 960 3451 eis
979 3394 1146 3468 proprium:
1169 3413 1275 3469 parum
1295 3404 1328 3451 35

103 3478 203 3534 tamen
225 3478 395 3537 invenimus
424 3497 477 3537 nos
501 3480 537 3538 de
566 3481 619 3539 hoc
646 3481 767 3556 negotio
792 3482 922 3540 tractare
946 3481 1144 3541 Aristotelem
1166 3484 1197 3540 in
1221 3484 1276 3543 hoe

102 3564 189 3639 libro,
208 3571 238 3625 et
252 3568 307 3627 hoc
323 3571 369 3627 est
387 3567 540 3644 iudicium,
559 3570 640 3645 quod
658 3569 707 3628 hic
720 3571 797 3629 liber
810 3591 870 3631 non
884 3572 943 3629 fuit
955 3573 1036 3631 recte
1050 3571 1275 3647 interpretatus,

102 3653 194 3713 immo
213 3656 362 3731 reliquum
382 3658 448 3717 erat
466 3660 598 3717 tractare
617 3659 653 3717 de
677 3659 801 3734 reliquis
825 3660 1000 3719 differentiis
1025 3663 1188 3720 multorum
1206 3681 1275 3737 poe-

103 3746 227 3817 matum,
247 3764 323 3820 quae
342 3751 428 3806 erant
446 3748 526 3823 apud
546 3746 685 3825 Graecos
705 3753 740 3808 ut
757 3750 937 3824 promiserat
950 3751 981 3807 in
999 3750 1085 3810 initio
1100 3751 1171 3810 libri
1185 3752 1276 3826 expli-

102 3850 178 3892 care.
216 3831 301 3903 Quod
320 3840 420 3894 autem
441 3836 549 3912 omisit,
574 3837 738 3912 quoderat
762 3857 926 3915 commune,
950 3845 996 3898 est
1014 3842 1145 3899 tractare
1164 3841 1200 3900 de
1221 3839 1274 3900 Oo-
1293 3851 1328 3899 40

192 4009 225 4058 at
244 4003 277 4057 In
296 4003 434 4072 margine:
453 4003 600 4075 interpres.
620 4006 787 4062 Aristoteles
807 4008 855 4078 ait,
874 4010 950 4077 quod
965 4008 1117 4063 solutiones
1132 4010 1168 4062 ad
1182 4009 1274 4064 obiec-

102 4074 191 4128 tiones
207 4074 298 4130 dictas
314 4076 411 4129 contra
424 4078 522 4143 poetas
536 4080 600 4132 sunt
616 4079 771 4148 duodecim,
790 4097 847 4135 non
860 4083 955 4135 autem
969 4082 1001 4134 ut
1014 4081 1143 4135 Averrois
1158 4081 1206 4149 ait,
1225 4081 1274 4149 qui

102 4143 174 4199 sorte
193 4147 292 4201 habuit
310 4147 415 4200 malum
433 4146 549 4202 textum.

192 4308 351 4362 machaa.
435 4307 592 4361 ‘1:60b29.
677 4317 794 4377 liz—r
877 4314 1072 4381 17:(tla31).
1153 4318 1272 4367 20:-?

102 4382 136 4431 25
147 4399 152 4431 :
165 4377 222 4431 e1b
237 4383 279 4433 24.
352 4384 402 4432 33:
414 4378 471 4432 tib
486 4379 615 4432 26—62b
629 4385 668 4433 15.
