2946 4944
224 186 357 242 Acerrois
376 165 559 255 paraphrasis
577 183 608 236 in
626 183 730 237 librum
748 183 879 238 Poeticae
898 181 1066 239 Aristotelis.
1170 181 1234 246 367

66 359 115 417 De
137 355 354 432 tragoediae
378 354 548 430 partibus
572 354 731 429 quantis:
756 352 846 411 unde
866 353 1018 411 ducatur
1042 353 1118 411 eius
1139 352 1235 427 cpusss

66 449 114 506 De
139 445 315 519 Moribus,
346 443 559 520 Agnitione,
589 442 788 519 Episodiis,
820 441 1049 501 Connexions
1075 440 1235 500 Solutio-

128 554 241 612 neque
260 534 424 611 fabulae,
446 537 601 608 quatuor
622 532 906 606 Tragoediarum
924 532 1119 606 generibus
1139 532 1174 588 et

280 623 550 682 Affectionibus
575 641 636 679 seu
656 620 868 679 Sententiis.
906 619 1025 696 Capti.

158 752 208 809 30,
223 747 333 823 Inquit.
358 745 541 821 Tragoedias
556 747 666 820 partes,
681 748 770 821 prout
784 745 822 804 ad
837 745 1015 821 qualitatem
1025 745 1162 818 attinent,
1177 747 1237 802 iam
1256 755 1271 802 5
1328 756 1329 759 ’

68 841 205 915 superius
232 837 433 913 exposuimus:
460 835 520 906 sed,
545 839 578 892 ut
597 835 635 893 ad
654 835 853 911 quantitatem
877 835 1021 908 spectant,
1044 853 1122 892 nunc
1141 834 1237 892 dicen-

69 930 138 988 dum
159 930 213 987 est.
251 926 336 984 Circa
354 925 410 983 hoc
425 930 527 982 autem
542 924 605 998 ipse
621 924 801 983 Aristoteles
815 926 962 982 memorat
976 924 1120 999 quasdam
1134 927 1236 998 partes

69 1019 203 1094 proprias
223 1010 403 1074 carminibus
423 1013 613 1072 Graecorum.
651 1012 733 1082 Quae
753 1032 823 1073 vero
842 1013 874 1070 in
892 1011 1027 1070 Arabum
1048 1012 1236 1088 poematibus

71 1107 261 1181 reperiuntur
275 1107 346 1162 sunt
360 1104 430 1164 tres.
463 1103 565 1161 Prima
579 1105 625 1160 est
640 1121 716 1177 quae
731 1121 761 1160 se
776 1102 869 1160 habet
882 1103 960 1177 apud
974 1120 1023 1160 eos
1037 1102 1069 1158 in
1079 1100 1238 1160 Rhetorica

57 1196 201 1254 voratione
234 1196 269 1250 ut
299 1192 467 1264 exordium,
498 1193 530 1248 in
557 1210 614 1268 quo
640 1195 819 1250 enarrantur
854 1191 1047 1250 excitationes
1082 1191 1237 1266 quaedam.
1258 1200 1290 1247 10

69 1284 197 1342 secunda
216 1285 263 1341 cst
281 1281 414 1340 laudatio
437 1281 486 1339 vel
509 1280 682 1356 episodium.
720 1281 812 1339 tertia
834 1299 909 1355 quae
930 1283 975 1338 est
996 1280 1090 1339 veluti
1108 1279 1138 1338 id
1158 1279 1237 1356 quod

68 1374 100 1430 in
120 1371 253 1431 oratione
272 1371 421 1429 rhetorica
441 1389 473 1428 se
491 1370 585 1427 habet
603 1373 638 1427 ut
661 1370 808 1428 conclusio
834 1364 940 1448 (quam
961 1370 1087 1428 exodum
1105 1361 1236 1448 vocant).

68 1462 149 1520 Haec
164 1463 266 1519 autem
284 1478 354 1535 pars
370 1459 509 1517 ultimum
525 1458 604 1534 apud
618 1461 749 1527 cesares
763 1459 812 1516 vel
826 1458 983 1533 expeditio,
997 1457 1028 1515 id
1038 1460 1085 1517 est
1094 1477 1237 1534 quaerere

70 1550 220 1609 licentiam
240 1542 359 1624 abillo,
382 1548 434 1623 qui
453 1548 608 1620 laudatur,
633 1549 686 1605 aut
705 1548 848 1606 extollere
870 1567 988 1621 poema,
1013 1548 1091 1623 quod
1114 1548 1238 1606 dixerat.

68 1642 99 1697 et
118 1640 214 1714 prima
232 1657 302 1712 pars
322 1641 368 1697 est
386 1638 485 1696 notior
505 1639 536 1695 ct
549 1636 645 1712 magis
660 1637 782 1711 publica
795 1638 851 1694 hac
865 1636 980 1694 ultima.
1018 1637 1239 1713 Nonnunquam
1260 1648 1291 1694 15

67 1732 170 1787 tamen
188 1728 317 1786 afferunt
335 1728 458 1785 laudem
477 1725 541 1784 sine
564 1725 698 1801 prologo.
736 1726 775 1783 Et
797 1727 957 1800 postquam
977 1725 1108 1800 explevit
1126 1726 1240 1784 Aristo-

68 1818 143 1875 teles
164 1817 312 1892 explicare
336 1819 437 1892 partes
462 1815 618 1890 poematis,
643 1834 719 1890 quae
740 1816 826 1872 erant
845 1814 924 1889 apud
944 1833 1003 1888 eos,
1027 1814 1114 1873 dixit:
1138 1819 1238 1890 partes

67 1906 161 1983 igitur
187 1904 386 1981 Tragoediae,
415 1923 491 1980 quae
520 1904 683 1962 secundum
711 1903 888 1979 qualitatem
916 1906 947 1962 et
973 1922 1049 1978 quae
1077 1904 1239 1962 secuudum

70 1997 279 2070 quantitatem,
298 1993 359 2050 iam
379 2014 397 2051 a
414 1994 500 2051 nobis
521 1993 617 2051 dictae
636 1996 715 2051 sunt.
748 1991 861 2050 Verum
881 2011 917 2051 ex
936 1993 1043 2068 quibus
1057 1993 1129 2052 locis
1143 1993 1239 2067 possit

70 2082 240 2159 Tragoedia
258 2082 409 2156 constitui,
433 2084 501 2157 post
524 2082 579 2140 hoc
603 2082 719 2140 dicetur
736 2082 851 2158 hocque
871 2100 962 2156 supra
980 2081 1066 2159 dictis
1087 2081 1238 2140 addemus.
1258 2093 1292 2140 ‘20

159 2174 210 2230 31.
220 2170 330 2245 lnquit.
355 2172 501 2242 Quoniam
510 2171 604 2246 igitur
617 2170 803 2248 Tragoedias
813 2169 986 2246 compositio
998 2164 1047 2249 (ut
1057 2171 1170 2229 dictum
1179 2171 1239 2229 iam

69 2251 131 2340 est)
142 2263 209 2318 ‘non
228 2260 319 2318 debet
337 2280 401 2320 esse
421 2280 457 2319 ex
477 2259 604 2335 simplici
622 2260 798 2339 imitatione,
818 2260 869 2318 sed
890 2279 924 2317 ex
938 2260 1064 2319 diversis
1079 2261 1238 2335 'generibus

68 2349 207 2423 implexa.
226 2348 365 2409 uidelicet
384 2368 419 2408 ex
439 2350 597 2426 generibus
617 2348 779 2426 agnitionis
794 2351 825 2407 et
843 2349 1003 2423 generibus
1022 2351 1185 2425 peripetiae
1204 2368 1239 2408 ao

68 2438 248 2497 terribilium
272 2437 487 2498 miserabilium
512 2438 699 2496 affectionum
724 2438 816 2495 animi
838 2438 996 2513 imitatrix,
1026 2457 1101 2514 qnae
1126 2439 1239 2499 scilicet

69 2519 200 2585 animum
228 2531 341 2586 movet:
373 2527 513 2603 quoniam
540 2526 645 2584 laudes
674 2526 905 2601 pulcherrimae,
931 2546 1007 2601 quae
1033 2528 1070 2584 ad
1096 2528 1238 2587 virtutem
1258 2540 1291 2588 25

68 2617 241 2692 hortantur,
266 2616 377 2675 debent
396 2618 532 2675 constare
552 2634 587 2674 ex
604 2614 773 2674 imitatione
793 2615 941 2674 virtutum
963 2620 1052 2692 atque
1072 2617 1238 2676 imitatione

69 2724 170 2762 rerum
188 2707 326 2764 timorem
348 2704 557 2765 incutientium
581 2705 771 2780 doloremque
794 2703 996 2781 inferentium,
1020 2705 1128 2781 quibus
1151 2706 1239 2765 homo

69 2793 218 2867 tristetur,
237 2799 272 2853 ut
290 2798 336 2853 est
355 2795 481 2853 adversa
499 2794 629 2868 fortuna,
647 2794 679 2851 in
697 2813 787 2868 quam
806 2794 918 2873 incidit,
937 2794 1008 2870 quia
1027 2799 1073 2853 est
1091 2795 1239 2853 virtutum

69 2900 173 2957 expers
193 2883 322 2943 omnino.
358 2885 405 2942 his
426 2883 504 2942 enim
519 2884 711 2942 vehementer
726 2884 824 2941 anima
839 2886 1043 2943 commovetur
1058 2884 1095 2941 ad
1111 2883 1238 2943 virtutes

69 2973 279 3047 assequendas.
325 2973 404 3031 Nam
423 2973 449 3030 si
467 2975 556 3046 poeta
580 2972 618 3030 ab
643 2970 812 3031 imitatione
835 2971 956 3031 virtutis
980 2972 1018 3029 ad
1041 2973 1240 3031 imitationem
1258 2985 1292 3032 30

70 3059 134 3118 vitii
157 3063 210 3119 aut
233 3062 289 3120 viri
307 3062 395 3139 probi
417 3061 455 3119 ad
479 3062 648 3137 improbum
671 3080 702 3119 se
721 3060 879 3132 transfert,
903 3061 977 3119 nihil
996 3061 1115 3137 quidem
1138 3062 1238 3137 habet,

69 3150 147 3225 quod
171 3151 319 3210 hominem
345 3152 482 3210 hortetur
505 3151 652 3210 excitetis
681 3151 718 3208 ad
745 3150 910 3225 probitates
940 3150 1084 3226 agendas:
1113 3169 1180 3208 curn
1204 3169 1240 3208 ex

68 3237 122 3296 hoc
136 3257 190 3298 nec
205 3259 289 3298 amor
303 3258 399 3316 neque
414 3241 504 3298 timor
514 3240 549 3298 de
562 3240 740 3298 necessitate
755 3239 841 3298 uobis
856 3238 1033 3297 inferantur.
1065 3239 1101 3296 In
1115 3238 1238 3314 tragicis

32 3324 33 3327 ’
68 3330 170 3385 autem
195 3329 307 3387 fabulis
334 3331 452 3403 oportet
477 3328 605 3388 inveniri
630 3329 737 3386 harum
764 3328 890 3387 duarum
917 3347 1017 3386 rerum
1048 3328 1238 3404 contrarium.

71 3416 150 3490 quod
169 3418 290 3492 quidem
308 3417 369 3493 liet,
389 3418 414 3476 si
434 3436 469 3474 ex
487 3418 655 3476 imitatione
669 3416 815 3477 virtutum
829 3418 867 3476 ad
881 3418 1238 3491 imitationemadversae
1258 3429 1292 3477 35

66 3502 218 3583 fortunae,
242 3508 273 3565 in
292 3526 381 3584 quam
398 3505 486 3580 probi
504 3506 581 3581 lapsi
601 3507 669 3579 sint,
689 3524 720 3564 se
739 3507 902 3565 transferat
920 3508 969 3566 vel
988 3526 1025 3565 ex
1043 3506 1097 3569 hoc
1115 3498 1238 3588 pd'pio-

67 3591 173 3647 borum
191 3594 399 3656 imitationem.
436 3594 509 3653 hacc
533 3596 612 3653 enim
634 3596 762 3654 imitatio
786 3596 919 3654 animum
945 3596 983 3655 ad
1006 3581 1239 3655 miss'ricotd'iam

68 3677 174 3735 incitat
202 3700 325 3759 eamque
352 3683 572 3759 perterrefacit,
606 3688 640 3742 ut
666 3685 704 3743 ad
735 3684 863 3744 virtutes
897 3684 1079 3761 recipiendas
1108 3691 1237 3760 paretur.

8 3813 9 3816 ,
69 3765 166 3823 Huius
186 3772 285 3827 autem
304 3774 421 3848 generis
436 3773 611 3831 imitationis
627 3774 727 3848 plures
741 3775 874 3834 invenies
889 3776 1030 3835 historias
1047 3774 1136 3850 Legis
1152 3775 1238 3834 modo

68 3873 146 3914 nunc
170 3857 262 3932 dicto,
288 3862 442 3920 camillae
461 3862 604 3921 historiae
624 3861 770 3938 Tragieae
789 3864 936 3922 actionem
959 3864 1103 3922 indicent:
1137 3868 1170 3922 ut
1192 3871 1239 3923 est
1257 3876 1291 3924 40

67 3944 201 4005 narratio
216 3945 306 4021 Legis
321 3948 357 4005 de
371 3949 484 4025 Joseph
498 3952 529 4009 et
544 3951 605 4009 suis
625 3951 770 4010 iratribus
786 3949 896 4011 statiis
910 3953 1142 4031 narrationibus,
1161 3973 1237 4029 quae

68 4032 284 4110 increpationes
304 4055 358 4095 seu
377 4040 576 4114 correptiones
596 4043 749 4102 vocantur.
1083 4031 1087 4036 ’

159 4127 209 4187 32.
219 4125 330 4202 Inquit.
355 4123 458 4184 Oritur
469 4130 569 4185 autem
580 4128 789 4205 misericordia,
805 4130 830 4188 si
842 4135 998 4188 enarretur
1012 4131 1168 4191 adversam
1179 4131 1237 4188 for-

68 4245 280 4256 Q

157 4298 308 4351 5:52b14.
383 4303 499 4351 13:-?
576 4297 743 4350 17:52b25.
818 4301 984 4354 19:52b28.
1044 4301 1236 4354 21-23252b

68 4374 182 4422 31-33.
251 4370 648 4440 24—37:(52b34-53a12).
713 4375 747 4421 43
759 4390 764 4422 :
776 4374 864 4424 t3a4.

120 4469 201 4508 Jahrb.
217 4469 232 4508 r.
248 4470 313 4509 ernis.
328 4470 410 4510 rarior.
426 4469 504 4519 Super.
519 4469 559 4509 se.
575 4468 651 4508 xvn.
992 4466 1031 4513 24'
