2946 4944
181 183 246 249 376
584 187 741 242 Friderieus
760 187 947 242 Heidenhnin:

271 359 321 415 62.
342 355 474 414 Verbum
493 360 593 415 autem
612 360 659 414 est
676 375 733 416 vox
751 357 801 416 vel
825 357 917 416 dietio
937 357 1137 433 significativa
1155 358 1280 416 alieuius
1300 359 1353 433 rei,

183 444 266 503 onius
285 445 370 503 nulla
387 465 441 520 per
460 465 491 505 se
511 464 580 521 pars
601 448 742 521 separata
765 440 915 522 sig‘nifioat
936 450 1054 521 partem
1078 446 1159 505 illius
1178 447 1235 505 rei:
1258 449 1294 505 ut
1316 447 1354 506 de

182 533 319 608 partibus
342 535 469 593 nominis
489 535 673 595 dictumest.
719 535 829 594 Differt
849 538 951 595 autem
974 536 1099 595 verbum
1118 555 1136 594 a
1157 536 1277 596 nomine
1299 555 1354 611 per

182 623 247 699 hoo,
266 624 345 698 quod
364 623 514 700 signifieat
532 627 650 699 tempus
664 625 708 682 rei
723 624 921 701 significatae,
939 644 1009 683 nam
1023 626 1111 684 homo
1131 628 1162 684 et
1176 626 1277 684 album
1292 645 1353 685 non

144 719 160 767 5
183 711 353 784 significant
371 732 439 772 oum
458 716 601 790 tempore,
626 714 677 772 sed
701 713 757 773 ivit
779 714 828 774 vel
851 713 908 773 ibit
932 714 1104 790 significant
1126 717 1244 790 tempus
1267 734 1353 791 prae-

180 800 302 860 teritum
322 806 353 860 et
371 803 514 863 futurum.
557 801 652 862 Casus
675 822 745 862 vero
769 805 832 861 tum
860 803 898 860 ad
922 822 1042 877 nomen,
1068 807 1134 863 tum
1157 804 1195 862 ad
1218 805 1352 882 verbum,

180 894 245 948 tum
264 891 302 949 ad
321 893 486 951 orationem
504 893 664 968 pertinent.
698 892 814 951 Nomen
828 894 930 950 autem
945 894 1052 952 cadens
1068 912 1119 952 seu
1135 894 1290 970 obliquum
1306 898 1352 954 est

179 999 287 1040 nomen
305 982 434 1040 relatum
453 982 543 1041 alicui
562 985 596 1039 ut
615 985 686 1041 sunt
709 982 788 1057 apud
807 982 924 1041 Arabes
948 983 1070 1042 nomina
1093 987 1261 1059 punctuate
1284 1003 1351 1042 oum

180 1070 311 1144 parhaoh
330 1071 379 1129 vel
400 1090 466 1130 eum
486 1072 593 1132 ehiree.
630 1071 726 1130 oratio
745 1090 816 1131 vero
836 1071 959 1146 obliqua
978 1075 1027 1131 est
1045 1073 1138 1131 veluti
1157 1092 1212 1148 per
1229 1073 1351 1132 modum

128 1165 160 1212 10
180 1159 346 1234 imperandi
361 1165 414 1220 aut
426 1161 641 1237 interrogandi.
675 1159 836 1235 Obliquum
851 1162 953 1219 autem
963 1161 1087 1221 verbum
1103 1164 1158 1237 est,
1173 1162 1253 1238 quod
1267 1181 1351 1238 prae-

179 1247 304 1306 teritum
322 1249 372 1309 vel
394 1250 532 1309 futurum
558 1250 721 1326 signifieat:
745 1253 859 1308 reetum
878 1268 961 1323 voro,
991 1251 1070 1326 quod
1093 1269 1236 1329 praesens
1259 1252 1349 1328 signi·

179 1336 261 1396 fleat:
285 1339 340 1397 hoe
364 1343 466 1398 autem
491 1343 538 1398 est
560 1340 713 1415 proprium
736 1339 873 1398 idiomati
896 1357 1008 1398 eorum.
1054 1338 1156 1398 Oratio
1180 1343 1282 1400 autem
1305 1343 1351 1400 est

181 1445 278 1485 sermo
298 1429 480 1504 compositus
501 1429 734 1504 signifieativuS‚
758 1430 842 1486 ouius
862 1428 1015 1505 quaelibet
1033 1447 1104 1504 pars
1127 1448 1182 1505 per
1206 1448 1238 1489 se
1261 1430 1353 1506 signi·

179 1515 257 1575 ficet.
294 1517 417 1576 Duobus
436 1537 506 1578 vero
530 1518 626 1577 modis
651 1536 710 1575 una
733 1517 842 1576 dieitur
866 1518 976 1577 oratio:
1001 1521 1054 1577 aut
1078 1518 1157 1577 enim
1180 1519 1352 1595 significans

128 1612 160 1660 15
180 1624 271 1663 unum
291 1625 346 1682 per
364 1625 396 1665 se
415 1610 471 1681 est,
489 1610 526 1666 ut
543 1608 591 1665 hie
610 1608 698 1666 homo
719 1610 766 1665 est
785 1606 909 1666 animal:
931 1610 984 1666 ant
1003 1609 1050 1666 est
1067 1627 1127 1667 una
1144 1611 1266 1684 propter
1285 1627 1351 1669 oon·

178 1694 344 1754 iunctiones
364 1715 429 1755 eam
450 1697 671 1774 ooniungentes,
690 1699 726 1755 ut
744 1714 812 1754 eum
830 1696 941 1755 dieitur
959 1696 1086 1756 historia
1105 1717 1172 1758 una.

268 1787 317 1844 63.
336 1785 446 1862 Inquit.
484 1786 620 1845 Nominis
639 1804 783 1862 generum
802 1785 924 1861 aliquod
943 1788 990 1845 est
1009 1787 1134 1861 simplex
1153 1789 1183 1844 et
1202 1790 1249 1846 est
1267 1788 1352 1863 illud,

178 1873 257 1947 quod
270 1893 306 1932 ex
314 1876 485 1934 nominibus
496 1875 610 1952 aliquid
621 1874 860 1949 significantibus
873 1874 995 1934 minime
1004 1875 1204 1935 constituitur.
1219 1875 1352 1952 Aliquod

178 1982 249 2022 vero
264 1966 461 2039 compositum
476 1968 508 2024 et
522 1968 569 2023 est
583 1965 700 2039 duplex,
718 1983 825 2040 nempe
839 1964 888 2023 vel
903 1966 982 2040 quod
997 1984 1033 2023 ex
1045 1965 1215 2024 nominibus
1229 1965 1349 2024 minime

124 2060 159 2108 20
178 2052 415 2127 significantibus
443 2054 650 2130 constituitur,
678 2053 818 2113 videlieet
845 2057 936 2128 prout
963 2055 1081 2114 unieam
1107 2074 1170 2114 rem
1195 2054 1349 2114 nominare

179 2143 342 2218 quaeritur,
365 2145 400 2201 ut
419 2162 523 2203 servus
542 2143 623 2218 solie,
647 2160 751 2202 servus
770 2161 866 2202 arens.
904 2143 945 2202 sie
970 2144 1049 2202 enim
1072 2145 1148 2202 nihil
1171 2144 1349 2220 significant.
1407 2156 1410 2162 ’

178 2231 270 2289 Aliud
300 2234 347 2290 est
374 2235 454 2309 quod
482 2253 518 2292 ex
545 2231 715 2291 nominibus
744 2232 981 2307 significantibus
1009 2233 1209 2292 constituitur.
1256 2231 1350 2292 Omne

178 2323 336 2395 praeterea
354 2341 462 2381 nornen
484 2325 538 2381 aut
562 2324 609 2381 est
631 2322 802 2397 *proprium
826 2325 879 2380 aut
902 2321 939 2380 ab
964 2321 1023 2379 alia
1046 2322 1152 2397 lingua
1174 2324 1228 2381 aut
1251 2326 1350 2382 trans-

177 2410 282 2487 latum,
302 2412 380 2487 quod
399 2431 506 2487 perum
526 2415 572 2471 est
590 2412 622 2470 in
635 2430 700 2485 usu,
721 2413 926 2470 automatum
941 2429 994 2469 seu
1008 2410 1166 2471 metrioum
1180 2413 1233 2469 aut
1246 2410 1349 2470 fiotum

124 2507 158 2555 25
179 2501 233 2557 aut
250 2501 428 2574 productum
446 2503 501 2559 aut
519 2502 707 2561 subtractum
727 2503 780 2559 aut
798 2502 1023 2560 commutatum.
1055 2499 1215 2575 Proprium
1229 2501 1349 2576 quidem

180 2591 235 2666 est,
254 2590 333 2664 quod
351 2591 382 2648 in
401 2591 520 2666 proprio
540 2610 597 2650 usu
616 2593 663 2650 est
681 2590 830 2662 omnibus,
850 2589 902 2665 qui
921 2590 1041 2649 suntin
1059 2609 1237 2666 unaquaque
1251 2596 1350 2667 gente.

270 2680 320 2738 64.
345 2679 393 2738 Ab
413 2681 473 2738 aha
491 2699 562 2740 vero
582 2679 686 2756 lingua
711 2698 762 2742 seu
782 2679 985 2739 adventicium
1007 2698 1114 2740 nomen
1134 2683 1193 2757 est,
1217 2680 1295 2757 quod
1315 2699 1350 2739 ex

177 2767 375 2828 alienatione
395 2772 547 2844 sumptum
566 2772 612 2827 est
631 2773 662 2828 et
680 2770 779 2844 ipsum
797 2770 888 2843 poeta
906 2768 1072 2827 introducit
1091 2788 1184 2845 eoque
1203 2770 1300 2828 utitur
1317 2770 1348 2828 in

177 2860 315 2933 poemate
330 2876 392 2932 suo,
411 2862 446 2918 ut
460 2859 541 2935 apud
551 2859 667 2918 Arabes
682 2859 856 2935 frequenter
870 2858 913 2916 fit.
943 2857 1215 2916 Translatumvero
1230 2876 1348 2932 nomen,

124 2955 157 3002 30
177 2945 257 3022 quod
275 2966 343 3006 raro
362 2949 393 3006 in
412 2968 499 3008 usum
517 2948 608 3021 venit,
634 2952 681 3008 est
698 2948 796 3006 illatio
815 2947 943 3006 nominis
963 2946 1053 3005 alieni
1072 2949 1162 3023 atque
1180 2946 1348 3022 translatio,

177 3037 226 3096 vel
240 3055 381 3112 agenore
396 3039 434 3097 ed
449 3038 585 3113 speeiem,
606 3041 640 3096 ut
654 3056 759 3098 vocare
774 3037 1003 3096 translationem
1017 3039 1140 3112 motum,
1155 3037 1204 3095 vel
1218 3055 1236 3094 a
1250 3037 1348 3112 speeie

177 3126 214 3184 ad
233 3144 339 3203 genus,
358 3129 393 3186 ut
410 3127 630 3204 iugulationem
650 3128 777 3186 mortem
794 3145 910 3200 vocare,
930 3128 984 3185 aut
1002 3144 1020 3183 a
1039 3125 1135 3200 speeie
1154 3126 1192 3184 ed
1213 3124 1349 3204 speeiem,

65 3226 68 3231 “
177 3216 211 3272 ut
229 3215 434 3290 deceptionem
456 3236 563 3277 vocare
586 3218 714 3294 furtum:
739 3218 793 3274 aut
816 3215 895 3291 quod
918 3214 1120 3274 transferatur
1143 3215 1258 3292 aliquid
1280 3234 1348 3291 pro-

176 3303 312 3378 portione
332 3306 524 3384 respondens‚
544 3309 579 3364 ut
598 3306 715 3382 quando
735 3305 857 3381 aliquod
876 3303 1038 3364 seeundum
1057 3305 1095 3363 ad
1113 3305 1242 3380 primum
1258 3304 1349 3363 simili

124 3401 157 3449 35
177 3392 293 3452 ratione
313 3413 344 3453 se
363 3395 456 3454 habet
470 3415 528 3472 qua
542 3399 684 3471 quartum
699 3396 736 3454 ad
751 3395 885 3465 tertium,
904 3396 938 3452 ut
952 3395 1101 3454 vorabant
1114 3394 1208 3470 aliqui
1222 3394 1348 3471 Antiqui

177 3482 293 3541 senium
315 3503 473 3560 vesperam
496 3486 577 3546 vitae
601 3487 632 3543 et
654 3503 810 3559 vesperam
836 3483 951 3542 senium
976 3483 1048 3559 diei,
1079 3482 1218 3559 quoniam
1242 3501 1278 3541 ea
1301 3501 1347 3542 ra-

176 3573 257 3630 tione
277 3591 308 3631 se
326 3573 418 3633 habet
437 3576 552 3634 senium
571 3576 609 3633 ad
623 3575 726 3650 vitam,
745 3593 805 3649 qua
819 3591 944 3648 vespera
959 3572 997 3630 ad
1012 3571 1099 3630 diem.
1132 3570 1249 3630 Fiotum
1263 3591 1347 3647 prae-

176 3664 260 3720 terea
281 3681 391 3722 nomen
414 3665 492 3740 quod
514 3684 625 3724 novum
645 3667 703 3740 est,
727 3681 745 3721 a
764 3662 882 3721 nemine
900 3662 1094 3736 usurpatum,
1119 3661 1171 3719 sed
1191 3663 1347 3720 tantuma

176 3753 266 3824 poeta
284 3751 386 3810 fiotum
405 3755 436 3812 et
454 3754 550 3828 primo
569 3754 751 3828 impositum.
793 3753 849 3812 hoe
870 3753 972 3810 autem
990 3749 1070 3824 apud
1087 3748 1204 3808 Arabes
1223 3770 1282 3809 non
1302 3754 1348 3810 est

124 3847 158 3897 40
177 3840 207 3897 in
231 3859 301 3917 usu,
327 3844 477 3917 reperitur
500 3843 655 3902 tamenin
678 3841 794 3901 artibus
818 3840 988 3914 nuperrime
1012 3839 1087 3897 ortis
1111 3842 1141 3898 et
1165 3839 1346 3900 adinventis:

176 3947 281 3988 verum
300 3932 379 4006 quod
398 3932 427 3990 in
449 3933 566 3992 artibus
585 3932 629 4008 fit,
652 3931 833 3990 translatum
858 3930 912 4003 est,
934 3947 993 3986 non
1011 3927 1123 3987 fiotum.
1159 3929 1252 3987 Porro
1276 3946 1344 4002 pro·

176 4018 300 4078 ductum
319 4024 409 4097 atque
429 4023 617 4082 subtractum
631 4039 690 4080 non
705 4017 895 4094 reperiuntur
908 4016 988 4093 apud
1002 4017 1127 4077 Arabes
1165 4019 1231 4075 erat
1244 4016 1346 4075 autem

267 4179 300 4228 23
319 4172 350 4227 In
369 4175 508 4243 margine:
528 4172 658 4228 Averrois
678 4168 749 4225 dicit
766 4185 869 4224 verum.

266 4321 423 4370 6:57e18.
481 4320 655 4370 12:57e23.
712 4317 888 4367 14:57a28.
951 4315 1125 4365 17:57a31.
1185 4311 1345 4366 21:57b1.

177 4386 338 4440 25:57b3.
406 4387 565 4442 27:57b4.
631 4386 862 4440 nemrot-32.
926 4380 1103 4436 37:57b33.
1167 4384 1345 4439 41:57b35.
