2946 4944
287 155 419 210 Averrois
437 155 617 226 paraphrasis
636 155 665 210 in
684 154 788 210 librum
807 157 938 212 Poeticae
956 156 1125 215 Aristotelis.
1230 161 1295 225 373

121 325 171 402 qui
195 326 275 401 apud
298 325 408 384 inferos
434 326 516 400 sunt,
540 327 575 383 ut
593 324 699 383 Aiaces
723 324 909 400 Ixionesque.
957 326 1103 396 Quartum
1132 333 1192 405 est,
1216 332 1294 408 quod

120 435 155 473 ex
173 415 220 473 his
242 418 361 474 constat
383 414 446 472 sive
465 432 501 471 ex
525 414 622 473 tribus
642 413 705 473 sive
729 434 765 474 ex
784 415 899 473 duobus
924 435 1035 476 eorum.
1079 416 1160 477 Scias
1184 424 1294 496 tamen,

120 504 199 579 quod
224 503 409 562 imitationes
437 503 543 562 horum
576 506 705 578 quatuor
731 523 875 580 generum
904 504 1137 581 Tragoediarum
1166 508 1293 567 alicuius

121 592 245 652 actionis
260 592 446 652 voluntariae
461 611 496 651 ac
511 592 681 652 excellentis
702 612 762 652 non
781 593 973 669 reperiuntur
986 595 1018 652 in
1032 595 1142 655 fabulis
1156 596 1292 657 Arabum

117 683 250 756 poeticis.
310 707 313 711 ,
1310 698 1326 746 ὁ

206 772 258 830 57.
278 769 388 845 Inquit.
425 769 529 846 Aliqui
552 773 659 846 poetae
677 772 835 845 praestant
853 770 885 828 in
904 771 1085 832 carminibus
1104 773 1290 850 longioribus

121 878 193 918 suae
212 859 367 919 orationis:
391 859 485 934 aliqui
507 879 578 919 vero
598 863 629 919 at
650 859 760 919 fabulis
779 862 870 936 atque
889 861 1070 920 carminibus
1089 863 1290 943 brevioribus3

119 947 204 1006 cuius
223 948 267 1007 rei
285 967 373 1007 causa
392 951 453 1023 est,
473 949 544 1024 quia
562 967 630 1008 cum
650 949 781 1024 optimus
800 951 890 1024 poeta
908 951 1058 1010 describat
1073 953 1173 1012 omnia
1187 972 1290 1013 secun-

120 1038 190 1095 dum
208 1037 408 1113 proprietates
428 1056 498 1097 suas
518 1040 608 1114 atque
627 1039 791 1098 secundum
809 1056 896 1097 suum
916 1057 990 1117 asse,
1009 1041 1083 1100 haec
1102 1044 1204 1102 autem
1219 1047 1290 1104 sunt

118 1127 235 1186 diversa
259 1129 290 1185 et
311 1126 506 1185 multitudiue
530 1129 561 1186 et
585 1128 698 1188 virtute
722 1126 954 1204 uniuscuiusque
976 1130 1020 1188 rei
1044 1130 1223 1207 descriptae:
1246 1133 1288 1192 id·
1311 1144 1343 1192 ιο

116 1215 193 1275 circo
213 1215 327 1291 optima
344 1215 474 1274 imitatio
492 1235 552 1275 non
571 1217 660 1276 debet
678 1216 889 1276 transcendere
906 1219 1107 1295 proprietates
1125 1221 1171 1280 rei
1191 1241 1288 1297 neque

67 1318 68 1321 ’
115 1305 180 1363 eius
204 1304 374 1364 essentiam.
411 1303 488 1364 Sunt
510 1310 611 1365 tamen
634 1306 739 1382 aliqui,
765 1307 817 1382 qui
840 1308 953 1366 assueti
976 1312 1046 1367 sunt
1068 1309 1116 1368 vel
1139 1329 1157 1368 a
1179 1315 1289 1370 natura

117 1395 187 1451 sunt
204 1393 292 1468 proni
311 1394 349 1452 ad
367 1393 528 1453 imitandas
547 1413 609 1472 res,
635 1414 711 1470 quae
734 1413 846 1471 paucas
866 1396 979 1455 habent
1006 1397 1215 1472 proprietates.
1256 1400 1288 1458 hi

115 1485 216 1541 autern
234 1486 391 1559 praestant
409 1483 440 1540 in
459 1484 647 1559 poematibus
671 1485 826 1557 brevibus,
849 1503 909 1543 non
931 1489 1033 1545 autem
1051 1487 1082 1544 in
1105 1487 1286 1548 carminibus

113 1572 307 1648 longioribus.
345 1570 450 1648 Aliqui
468 1591 539 1632 vero
559 1573 610 1632 alii
634 1576 764 1648 econtra,
788 1573 900 1632 scilicet
920 1575 971 1650 qui
995 1576 1127 1634 carmina
1149 1577 1285 1653 longiora
1306 1588 1338 1637 15

114 1661 255 1720 afliciunt.
292 1661 323 1719 hi
341 1664 443 1720 autem
462 1666 532 1721 sunt
547 1662 660 1722 assueti
674 1665 807 1722 tractare
822 1663 858 1721 de
873 1663 962 1723 rebus
978 1665 1159 1725 habentibus
1173 1667 1284 1727 multas

113 1750 312 1827 proprietates
336 1751 384 1811 vel
409 1753 480 1808 sunt
502 1770 520 1809 a
544 1756 653 1810 natura
673 1771 727 1810 sua
745 1752 833 1828 proni
852 1771 902 1811 aas
925 1752 1037 1811 imitari
1056 1754 1104 1814 vel
1122 1758 1284 1832 utrumque

111 1840 218 1899 horum
238 1858 298 1898 una
316 1843 505 1899 concurrunt.

201 1930 252 1988 58.
267 1928 379 2004 Inquit.
407 1927 536 2005 Aliquae
551 1931 622 1988 sunt
635 1929 819 1989 imitationes
830 1933 861 1989 et
873 1949 929 2004 res,
945 1949 1020 2006 quae
1031 1931 1067 1990 ad
1078 1933 1210 1992 carmina
1219 1934 1282 1992 lon·

111 2019 205 2093 giers,
230 2017 331 2093 aliqua
349 2035 420 2076 vero
441 2018 478 2075 ad
497 2019 643 2078 breviora.
681 2019 842 2095 aliquando
862 2019 952 2078 etiam
971 2022 1101 2079 metrum
1122 2023 1283 2099 respondet
1303 2035 1337 2083 20

111 2107 155 2165 rei
175 2110 205 2164 et
223 2125 283 2166 non
301 2106 476 2165 imitationi.
501 2126 714 2184 nonnunquam
732 2128 802 2168 vero
822 2111 955 2182 econtra,
980 2109 1157 2186 quandoque
1175 2116 1283 2172 neutro

111 2215 213 2254 eorum
232 2195 451 2271 correspondet.
488 2196 626 2257 Invenire
645 2201 748 2256 autem
767 2198 875 2256 horum
898 2200 1033 2274 exempla
1052 2199 1084 2257 in
1103 2200 1282 2261 carminibus

110 2284 245 2344 Arabum
264 2288 310 2344 est
328 2284 503 2360 perdifficile
522 2288 571 2346 vel
589 2287 783 2362 impossibile.

199 2375 249 2434 59.
265 2374 374 2450 Inquit.
398 2374 1282 2456 Acceduntquidemadaasres,quibuspoemataconstant‚

109 2465 368 2539 annectunturque
387 2464 503 2540 aliquae
523 2483 571 2524 res
590 2465 760 2538 exteriores
781 2483 857 2540 quae
879 2469 948 2524 sunt
968 2465 1081 2526 scilicet
1097 2468 1222 2528 affectus
1236 2469 1281 2527 illi
1300 2481 1335 2530 25

110 2553 162 2628 qui
188 2552 220 2610 in
245 2570 318 2613 voce
346 2556 452 2629 poetae
481 2555 615 2613 existunt
643 2554 767 2631 eiusque
794 2554 907 2632 figura,
937 2557 972 2614 ut
998 2556 1059 2614 iam
1087 2557 1199 2616 dictum
1227 2561 1281 2617 est.

111 2641 239 2700 Maxime
263 2659 334 2701 vero
361 2642 416 2701 hoc
441 2643 473 2700 in
498 2663 557 2702 usu
581 2648 627 2702 est
652 2643 731 2719 apud
754 2648 868 2721 poetas,
893 2644 946 2721 qui
968 2643 1087 2705 fabulas
1112 2665 1280 2723 exgenere

108 2731 259 2804 pathetica
279 2749 333 2790 seu
351 2731 488 2791 affectivo
507 2732 639 2808 fingunt,
659 2737 693 2791 ut
712 2733 764 2810 qui
783 2733 819 2792 da
842 2733 945 2792 inferis
965 2737 1105 2795 tractant.
1143 2736 1194 2794 sed
1210 2736 1282 2812 quia

108 2819 167 2876 iam
183 2820 277 2879 locuti
292 2838 394 2879 sumus
409 2822 445 2879 de
461 2821 516 2898 his,
535 2841 611 2896 quae
625 2824 764 2898 poemata
778 2823 972 2896 constituunt,
987 2826 1078 2897 prout
1092 2828 1163 2883 sunt
1177 2843 1280 2884 eorum

108 2927 198 2967 verae
216 2912 327 2983 partes,
345 2929 424 2968 nuno
443 2913 675 2969 consentaneum
694 2914 741 2969 est
759 2930 877 2987 quoque
897 2911 932 2970 de
952 2912 999 2970 his
1018 2914 1156 2974 tractare.
1193 2913 1279 2973 Dica-
1298 2926 1333 2976 30

108 3015 174 3054 mus
198 3016 270 3079 ergo
298 2999 352 3057 has
376 2999 508 3085 actiones
537 3001 710 3059 summatim
735 3018 815 3080 esse,
842 3019 918 3076 quae
942 3001 1112 3060 affectiones
1139 3002 1280 3065 indicant.

107 3086 148 3144 Et
165 3085 241 3158 ideo,
267 3105 335 3145 cum
353 3087 409 3146 hae
429 3087 635 3166 adstruunt-ur,
655 3078 765 3149 deberit
783 3109 850 3149 oum
870 3082 930 3150 illis
949 3090 1136 3150 orationibus
1155 3092 1281 3170 adstrui,

108 3175 249 3251 quoniam
264 3175 321 3234 hae
336 3177 498 3236 ostendunt
512 3178 699 3238 affectionem
710 3179 803 3257 illam,
818 3198 908 3255 quam
923 3179 1093 3255 quaerimus
1102 3180 1134 3238 in
1144 3181 1278 3240 oratione

107 3264 258 3323 affirmare
278 3266 309 3323 et
327 3266 516 3343 constituere,
539 3286 573 3326 ac
592 3268 618 3327 si
635 3267 696 3326 iam
720 3268 854 3327 evenerit
866 3264 902 3327 'et
921 3267 1075 3328 verificata
1097 3268 1202 3330 fuerit:
1226 3271 1278 3330 sed

107 3354 168 3412 iam
185 3354 217 3412 in
234 3354 320 3412 libris
339 3355 496 3415 rhetoricis
515 3359 616 3415 actum
635 3360 682 3416 est
704 3356 741 3415 de
765 3356 922 3416 sententiis
941 3357 1102 3431 patheticis
1120 3359 1278 3420 rhetoricis
1296 3370 1330 3419 35

108 3442 144 3501 de
167 3443 385 3519 generibusque
408 3445 607 3524 affectionum,
630 3464 705 3522 quas
729 3447 785 3505 hae
810 3446 959 3506 orationes
982 3447 1120 3507 afferunt.
1158 3451 1189 3507 et
1211 3449 1277 3508 ideo

107 3532 292 3592 huiscemodi
314 3533 446 3594 actiones
469 3535 565 3610 magis
588 3536 719 3594 attinent
742 3535 780 3592 ad
803 3535 913 3594 librum
935 3535 1164 3596 Rhetoricorum
1188 3557 1277 3613 quam

106 3621 144 3679 ad
170 3621 281 3682 librum
304 3622 450 3684 Poeticae.
501 3624 682 3684 Affectiones
709 3627 811 3683 autem
840 3643 892 3683 seu
920 3625 1170 3702 perturbationes,
1200 3646 1277 3701 quae

107 3710 272 3771 orationem
291 3713 470 3773 rhetoricam
489 3717 543 3773 aut
559 3714 707 3791 poeticam
725 3714 898 3792 adstruunt,
923 3718 993 3773 sunt
1010 3715 1101 3773 timor
1122 3715 1277 3774 iracundia

106 3798 310 3859 misericordia
329 3804 519 3879 exaggeratio
539 3803 715 3879 reliquaque
732 3803 794 3862 iam
812 3804 843 3861 in
862 3802 939 3862 libro
955 3803 1184 3863 Rhetoricorum
1203 3824 1276 3864 enu-
1296 3815 1329 3866 40

106 3892 229 3948 morata.
267 3887 394 3950 Constat
412 3895 522 3967 autem,
542 3894 628 3968 quod,
654 3892 903 3968 quemadmodum
923 3891 1032 3951 dantur
1052 3912 1202 3953 sermones
1222 3896 1275 3953 has

105 3978 348 4053 perturbationes
367 3980 535 4059 afferentes,
559 3983 603 4041 ita
622 3983 732 4041 dantur
751 3982 844 4057 aliqui
866 3984 970 4056 gestus
989 3984 1020 4040 et
1042 3982 1157 4058 figurae
1179 3984 1275 4058 ipsius

193 4171 227 4220 20
245 4165 330 4220 liber:
349 4167 525 4235 respondent.

104 4287 316 4296 ——--..—-.

194 4347 295 4398 ss:—?
369 4350 486 4399 rar-‘l
559 4350 678 4400 24:-r
750 4354 926 4402 38:56a36.
1000 4352 1115 4402 ele-r

855 4455 858 4485 l
