2946 4944
222 183 287 251 366
626 183 784 243 Fridericus
804 188 993 245 Heidcnhain:

222 357 376 432 peripetia,
396 357 444 416 vel
459 358 537 432 quod
552 360 676 415 vocatur
690 357 814 434 agnitio,
832 358 862 416 id
881 361 927 417 est
942 359 1204 420 demonstrationis
1219 365 1396 439 assumptio.

220 445 356 521 Implcxa
369 464 439 504 vero
454 445 583 504 imitatio
599 449 645 506 cst
658 446 720 524 illa,
733 446 764 504 in
774 466 834 522 qua
843 451 1003 523 utrumque
1018 468 1113 523 genus
1131 449 1221 508 simul
1235 453 1394 527 reperitur.

221 553 327 610 nempe
347 554 414 593 cum
432 534 595 610 incoeperit
614 535 681 611 quis
701 554 719 593 a
737 536 893 611 peripetia,
917 556 986 594 mox
1009 539 1211 597 transferatur
1236 541 1274 599 ab
1298 560 1333 600 ea
1356 543 1395 601 ad

222 624 418 700 agnitionem:
438 624 487 682 vel
506 625 544 682 ab
563 624 618 682 hac
637 624 808 699 incoeperit,
828 625 934 685 deinde
949 645 985 684 ex
1003 645 1039 684 ea
1053 628 1092 685 ad
1102 629 1283 704 vperipetiam
1298 635 1394 690 trans·

187 713 345 771 uferatur.
388 712 611 771 convenientius
634 715 737 771 tamen
760 719 807 773 est
832 715 927 789 primo
951 715 1082 790 incipere
1105 735 1124 774 a
1147 718 1302 794 peripetia,
1324 739 1393 778 mox

222 799 432 859 transcendere
452 802 489 859 ad
509 802 700 877 agnitionem.
746 822 815 861 nam
834 804 963 862 multum
982 805 1121 882 interest,
1141 807 1167 864 si
1186 809 1253 881 quis
1271 807 1392 884 incipiat

222 889 318 964 primo
345 910 363 948 a
386 889 547 966 peripetia,
578 892 685 949 deinde
711 896 845 950 mutetur
873 892 911 950 a'd
934 893 1118 968 agnitionem
1145 896 1192 954 vel
1217 899 1336 956 econtra
1354 898 1391 955 ab

221 979 373 1054 agnitione
393 980 430 1037 ad
449 979 636 1055 peripetiam.

311 1070 362 1127 25.
376 1069 485 1143 Inquit.
514 1069 655 1145 Intelligo
670 1088 724 1144 per
738 1069 914 1144 peripctiam
925 1069 1122 1129 imitationem
1133 1074 1275 1131 contrarii
1283 1094 1390 1150 propo-

169 1167 203 1216 10
222 1157 273 1214 siti
287 1157 318 1214 in
332 1157 480 1216 laudando
495 1158 579 1233 prius
597 1158 704 1235 perid,
723 1178 781 1234 quo
803 1158 920 1216 animus
935 1161 973 1219 ab
991 1179 1025 1219 eo
1044 1161 1164 1219 recedat
1183 1163 1393 1223 retrahaturvc

223 1246 260 1304 ab
279 1247 344 1303 illo:
364 1265 431 1304 mox
451 1249 584 1305 mutetur
603 1248 863 1321 transferaturque
883 1248 920 1305 ab
940 1248 995 1306 hoc
1014 1249 1052 1307 ad
1070 1250 1266 1309 imitationem
1283 1251 1391 1326 ipsius·

222 1338 284 1393 met
302 1335 470 1393 laudabilia
508 1339 542 1394 ut
561 1337 586 1394 si
606 1336 672 1413 quis
691 1337 821 1395 voluerit
839 1337 1015 1395 felicitatem
1033 1340 1081 1398 vel
1100 1339 1202 1398 felices
1216 1340 1391 1415 confingere,

221 1424 344 1498 incipiat
369 1425 453 1500 prius
481 1424 687 1483 infelicitatem
711 1425 902 1501 infelicesque
926 1427 1109 1502 confingere,
1141 1448 1210 1488 mox
1234 1430 1271 1487 ad
1295 1429 1392 1486 imita-

221 1513 333 1571 tionem
351 1513 505 1572 felicitatis
525 1517 555 1572 et
573 1513 705 1573 felicium
725 1533 756 1573 se
775 1514 950 1573 transferat:
976 1516 1031 1573 hoc
1054 1520 1155 1575 autem
1179 1517 1290 1594 perid,
1314 1519 1391 1592 quod

170 1611 201 1658 15
221 1605 267 1660 est
290 1602 470 1660 contrarium
494 1603 656 1661 imitationi
679 1603 843 1661 infelicium
867 1604 927 1685 iam
951 1603 1056 1664 factae.
1102 1605 1226 1680 Agnitio
1250 1626 1321 1666 vcro
1346 1611 1392 1665 est

221 1710 304 1749 mera
322 1691 450 1750 imitatio
469 1692 513 1748 rei
531 1695 658 1751 tantum.

309 1783 359 1839 26.
379 1780 489 1855 Inquit.
535 1780 741 1841 Pulcherrima
763 1785 865 1841 autem
887 1780 922 1838 fit
942 1781 1070 1857 agnitio,
1099 1782 1124 1839 si
1150 1801 1216 1839 oum
1241 1785 1390 1858 peripetia

220 1870 427 1928 admisceatur.

310 1961 359 2017 27.
369 1958 480 2035 Inquit.
504 1958 596 2017 Fiunt
604 1959 727 2035 insuper
738 1960 852 2036 agnitio
868 1963 898 2017 et
912 1960 1059 2036 peripetia
1073 1960 1109 2018 de
1119 1959 1290 2019 inanimatis
1300 1961 1390 2035 atque

167 2058 201 2105 20
221 2047 374 2105 animatis:
394 2067 451 2105 non
472 2053 621 2123 quatenus
641 2049 742 2122 perid
762 2053 925 2122 quaeratur
944 2049 1056 2125 aliquid
1074 2049 1124 2125 agi
1139 2049 1186 2109 vel
1201 2048 1321 2123 dimitti,
1340 2050 1390 2106 sed

221 2136 397 2194 imitationis
417 2140 534 2194 tautum
554 2137 682 2210 ratione,
707 2137 762 2194 hoc
787 2141 833 2194 est
854 2141 979 2211 propter
997 2139 1232 2198 convenientiam
1253 2139 1392 2213 aliquam.

220 2226 251 2282 et
276 2225 331 2284 hoc
357 2225 476 2300 quidem
502 2243 597 2299 genus
622 2224 796 2299 agnitionis,
824 2226 903 2299 quod
928 2224 1016 2302 dixit,
1045 2229 1092 2284 est
1115 2228 1194 2301 quod
1217 2228 1344 2286 maxime
1363 2226 1394 2284 in

220 2313 354 2371 Arabum
379 2315 566 2388 poematibus
590 2314 753 2390 praevalet,
779 2313 920 2373 videlicet
942 2313 1056 2388 agnitio
1081 2318 1111 2372 et
1133 2314 1289 2389 peripetia,
1317 2335 1393 2390 quae

220 2404 256 2461 de
271 2403 443 2473 inanimatis
456 2402 540 2460 fiunt.
570 2402 703 2478 Cumque
718 2404 775 2461 duo
786 2397 951 2478 'stempora
959 2403 1105 2477 poematis
1121 2406 1283 2477 utrumque
1297 2422 1393 2478 genus

169 2502 203 2550 25
223 2491 398 2552 imitationis
417 2493 624 2569 amplectatur,
643 2494 714 2550 sunt
732 2492 860 2550 maxime
879 2492 1013 2567 pulchra.

311 2581 481 2657 28.quuit.
505 2581 628 2656 Agnitio
643 2582 775 2639 bumana
793 2584 884 2656 atquc
898 2580 1044 2656 peripetia
1062 2579 1138 2637 fiunt
1152 2599 1206 2655 pro
1215 2579 1393 2655 inquirenda
1407 2588 1410 2592 ⁴

221 2670 322 2745 aliqua
340 2689 372 2728 re
391 2669 439 2730 vel
458 2670 622 2728 recusanda
640 2669 829 2745 fugiendave.
867 2669 1038 2727 huiusmodi
1056 2672 1156 2727 autem
1171 2670 1287 2744 agnitio
1302 2687 1392 2743 quan-

222 2760 319 2834 doque
333 2759 371 2817 ad
386 2757 631 2835 misericordiam,
649 2759 826 2833 quandoque
846 2757 1011 2816 admotum
1027 2757 1158 2814 animum
1173 2757 1299 2831 parabit.
1338 2757 1393 2815 hoc

222 2850 324 2906 autem
342 2849 397 2923 est,
420 2846 500 2921 quod
518 2847 549 2904 in
568 2846 736 2922 Tragoedia
755 2846 952 2906 desideratur:
976 2865 1082 2921 nempe
1102 2845 1232 2903 actiones
1251 2845 1392 2919 pulchras

169 2947 204 2994 30
222 2937 355 3012 laudare,
374 2939 478 3011 turpes
497 2954 567 2995 vero
587 2937 739 2995 detestari.

312 3028 362 3085 29.
376 3024 486 3101 Inquit.
515 3025 620 3084 Partes
639 3025 734 3101 igitur
748 3024 920 3100 tragoediae
940 3043 992 3083 seu
1008 3023 1128 3082 fabulae
1143 3025 1214 3082 sunt
1231 3023 1288 3080 hae
1308 3022 1393 3099 duae,

223 3133 297 3190 quas
323 3114 518 3173 definivimus.
564 3114 666 3173 Tertia
689 3117 838 3188 superest:
869 3132 975 3188 nempe
1001 3131 1076 3189 quae
1105 3112 1198 3170 animi
1221 3112 1392 3170 affectiones

222 3204 271 3262 vel
289 3203 531 3280 perturbationes
550 3203 638 3280 parit.
675 3203 817 3281 Intelligo
840 3222 894 3278 per
917 3202 1089 3261 affectiones
1110 3200 1343 3260 misericordiam
1362 3204 1393 3258 et

223 3296 336 3352 metum
355 3297 445 3368 atque
469 3293 609 3353 dolorem.
651 3293 685 3351 Id
704 3297 805 3351 autern
828 3288 865 3349 fit
888 3292 1077 3351 enarratione
1101 3291 1248 3350 cruciatus
1274 3289 1394 3348 calami-

170 3390 204 3438 35
223 3382 359 3440 tatumve
382 3386 472 3457 atque
495 3382 726 3442 infortuniorum
750 3381 926 3440 mortalibus
951 3379 1161 3441 evenientium.
1207 3378 1289 3435 Haec
1314 3378 1393 3436 enim

224 3470 456 3529 misericordiam
475 3474 564 3547 atque
583 3474 698 3532 metum
714 3471 868 3549 inducunt,
887 3489 964 3545 quae
983 3473 1054 3528 sunt
1067 3468 1221 3543 potissima
1235 3485 1315 3541 pars,
1334 3485 1394 3542 qua

224 3559 262 3616 ad
280 3560 451 3618 affectiones
475 3560 639 3622 hortamur.
676 3581 752 3637 quae
778 3561 896 3636 quidem
917 3562 988 3619 sunt
1006 3557 1189 3634 propositum
1208 3555 1302 3629 ipsius
1322 3555 1395 3613 'Pra-

224 3647 352 3724 goediae
367 3647 447 3722 apud
463 3647 669 3708 Aristotelem.

316 3823 348 3871 14
366 3816 428 3872 liu:
447 3816 610 3871 infelicium.
684 3821 719 3870 24
736 3818 766 3870 lu
786 3817 924 3884 margine:
945 3833 969 3870 a.
989 3815 1006 3868 l.
1026 3831 1130 3868 versus.

314 3977 494 4045 9:(52a22).
560 3980 735 4029 15:52u29.
803 3979 978 4032 17:52u32.
1036 3978 1210 4027 19:52a34.
1264 3976 1430 4031 26:522«,

225 4054 267 4114 25,
287 4047 375 4101 38-b
394 4054 415 4100 1.
489 4047 680 4100 31-37:5ab
695 4051 790 4098 9-13.
856 4047 980 4098 37:52b
997 4051 1019 4098 1.
