2946 4944
283 195 414 250 Averrois
433 194 613 264 paraphrasis
632 195 661 248 in
680 193 783 248 librum
801 193 929 262 poeticae
948 191 1114 248 Aristotelis.
1222 191 1287 256 377

116 365 307 442 productum,
336 365 415 441 quod
438 365 574 441 longiore
602 363 697 423 vocali
720 365 870 441 uteretur,
898 363 1052 438 quamsit
1080 363 1143 422 eius
1167 363 1289 437 propria

118 454 155 513 ad
181 455 314 529 partium
341 455 535 514 harmoniam.
582 473 636 529 per
664 453 851 512 subtractum
874 452 1086 526 intelligebant
1108 471 1216 511 nomen
1236 453 1288 510 ali·

117 563 176 619 qua
202 543 367 602 adiectione
391 546 444 602 aut
467 542 670 603 subtractione
698 542 849 600 mutatum
875 545 906 600 et
934 541 1086 600 ablatione
1109 544 1200 617 atque
1223 559 1290 600 con-

116 634 261 692 versione.
298 633 443 708 intelligit
461 635 561 692 autem
580 650 634 707 ρετ
652 632 725 690 haec
740 651 776 690 ea
789 631 918 707 nomina,
938 631 1045 706 quibus
1060 630 1181 688 difficile
1195 629 1290 705 loqui-

117 742 193 782 mur.
230 741 284 797 per
302 740 411 781 nomen
429 725 531 781 autem
550 722 735 780 intellectum
754 724 828 796 puto
843 721 996 796 intelligat
1009 720 1168 779 diversum.
1203 717 1315 777 Gom-5

116 814 268 871 mutatum
282 830 391 870 nomen
405 815 452 871 est
461 811 709 886 metaphoricum,
724 809 803 884 quod
814 811 851 869 ab
862 811 964 886 aliqua
973 828 1005 867 re
1016 807 1106 867 simili
1115 809 1288 883 usurpatur,

119 905 154 960 ut
173 900 293 960 stellam
311 920 416 961 vocare
437 901 577 976 aquilam,
596 903 650 958 aut
668 918 686 957 a
705 900 853 959 contrario
873 903 907 958 ut
922 899 1016 958 solem
1034 917 1156 957 corvum
1175 916 1290 970 vocare,

118 993 171 1048 aut
198 991 236 1048 ab
264 989 308 1049 rei
337 991 458 1066 sequela
485 994 520 1049 ut
545 1007 654 1049 vocare
678 988 890 1064 pinguedinem
916 988 1073 1046 humidum
1098 990 1129 1045 et
1155 986 1291 1062 pluviam

118 1081 242 1138 coelum.

205 1168 375 1243 sanquis.
400 1167 607 1227 Praestantior
621 1167 725 1242 oratio,
740 1184 817 1241 quae
827 1166 1059 1241 intelligentiam
1070 1167 1215 1241 praestat,
1232 1166 1287 1240 est,
1311 1170 1343 1218 10

118 1278 195 1334 quae
214 1257 352 1315 omnibus
372 1258 418 1315 est
435 1257 594 1332 perspicua
612 1255 782 1330 neminique
800 1255 960 1332 incognita.
993 1254 1173 1313 Huiusmodi
1189 1257 1291 1312 autem

119 1348 270 1407 orationes
290 1365 326 1404 ex
343 1347 513 1405 nominibus
532 1345 697 1405 notissimis
716 1347 869 1421 constant,
894 1363 972 1421 quae
989 1343 1152 1403 traditione
1171 1345 1292 1417 recepta

118 1437 179 1495 iam
209 1440 291 1510 sunt,
320 1455 396 1512 quae
424 1437 514 1511 paulo
537 1437 608 1493 ante
634 1435 757 1511 propria
781 1434 900 1494 vocavit
927 1433 1055 1493 nomina.
1101 1433 1292 1507 appellantur

120 1544 238 1601 quoque
257 1525 442 1584 dominantia
461 1544 495 1584 ac
514 1525 641 1584 usualia.
683 1526 714 1582 et
732 1528 852 1599 oportet
874 1524 1017 1583 oblivioni
1035 1541 1095 1581 non
1114 1521 1201 1595 tradi,
1224 1521 1291 1596 quis

120 1615 160 1673 sit
178 1615 229 1672 ille
247 1617 345 1689 poeta,
365 1614 416 1690 qui
435 1616 562 1673 maxime
581 1615 637 1672 hoe
656 1632 767 1690 genere
786 1613 950 1672 dictionum
968 1613 1074 1671 utitur.
1247 1640 1250 1644 ⁸
1311 1616 1344 1665 15

209 1706 259 1764 66.
269 1703 379 1780 inquit.
403 1701 559 1764 Orationes
570 1702 805 1777 praestantiores
815 1702 1003 1777 maximeque
1014 1700 1201 1760 venerandae
1212 1703 1291 1776 sunt,

118 1810 195 1868 quae
221 1812 255 1851 ex
279 1793 449 1852 nominibus
469 1794 597 1867 receptis
616 1794 755 1851 constant
778 1793 869 1865 atque
893 1809 929 1849 ex
951 1791 1105 1850 vocabulis
1124 1789 1291 1866 peregrinis

118 1883 268 1940 translata
293 1886 364 1941 sunt
387 1885 418 1940 et
442 1900 477 1940 ex
501 1881 692 1940 commutatis
717 1884 747 1940 et
771 1880 1005 1955 cognominibus.
1052 1899 1123 1938 narn
1146 1879 1172 1936 si
1194 1881 1292 1938 totum

116 1991 223 2047 poema
253 1971 345 2029 fuerit
373 1989 478 2045 expers
509 1971 701 2045 propriarum
729 1969 906 2047 dictionum,
940 1970 997 2028 erit
1023 1969 1127 2044 utique
1153 1967 1292 2044 aenigma

117 2061 166 2120 vel
185 2058 403 2118 barbarismus:
424 2062 454 2117 et
471 2060 538 2119 ideo
557 2059 737 2119 barbarismi
757 2061 787 2117 et
806 2059 978 2135 aenigmata
997 2061 1136 2118 constant
1154 2077 1190 2116 ex
1206 2075 1291 2132 ρετε-
1311 2064 1345 2112 20

118 2149 212 2224 grinis
230 2147 409 2208 nominibus.
446 2148 527 2209 Voco
548 2151 647 2208 autem
668 2147 829 2224 peregrina
844 2148 1073 2207 translationem
1089 2147 1292 2206 extensionem

119 2237 356 2312 varietatemque
374 2237 560 2314 linguarum:
586 2239 641 2298 boc
661 2239 708 2296 est
726 2257 834 2297 nomen
853 2238 1036 2297 translatum
1055 2237 1293 2314 metaphoricum

118 2327 314 2402 aequivocum
342 2331 373 2386 et
400 2328 547 2386 varietate
574 2327 749 2403 linguarum
776 2327 957 2402 praeditum.
1004 2327 1046 2385 At
1075 2326 1100 2384 si
1125 2327 1192 2401 quis
1220 2327 1295 2384 haec

118 2416 218 2475 omnia
237 2417 326 2474 simul
341 2421 493 2494 congerat,
512 2420 547 2475 ut
560 2417 698 2493 diximus,
718 2416 857 2493 aenigma
872 2415 983 2475 efficiet
996 2417 1046 2475 vel
1060 2415 1293 2474 barbarismum:

118 2506 257 2582 aenigma
285 2506 419 2583 quidem,
447 2507 473 2566 si
501 2506 725 2582 translationes,
753 2506 973 2564 barbarismum
1001 2524 1085 2579 vero,
1114 2506 1139 2562 si
1166 2505 1293 2579 linguas.
1313 2509 1347 2558 25

118 2595 268 2668 Aenigma
287 2613 358 2672 ergo
377 2614 412 2654 aa
430 2594 640 2654 Barbarismus
661 2597 708 2654 est
726 2596 832 2669 oratio,
852 2613 928 2670 quae
943 2613 978 2652 ex
992 2593 1114 2652 minime
1129 2612 1293 2670 congruen-

118 2684 201 2743 tibus
220 2684 299 2742 inter
323 2703 355 2742 se
378 2684 429 2758 ita,
454 2689 490 2744 ut
511 2685 765 2761 correspondeant
784 2685 873 2744 alicui
891 2684 944 2758 rei,
969 2686 1114 2742 constant.
1158 2682 1244 2753 Quod
1268 2682 1294 2740 si

118 2792 172 2848 per
191 2772 334 2832 dictiones
355 2775 497 2851 vulgares
518 2794 553 2834 ao
576 2775 711 2833 triviales
729 2774 762 2832 id
779 2775 845 2847 fiat,
869 2777 941 2833 tunc
959 2772 1155 2848 congruentia
1173 2773 1292 2831 illarum

119 2882 220 2921 rerum
238 2857 318 2921 inter
337 2882 370 2922 se
389 2864 467 2923 effici
484 2884 545 2924 non
563 2864 687 2941 poterit,
712 2862 764 2921 sed
788 2864 813 2922 si
831 2883 885 2939 ρετ
904 2863 1048 2922 dictiones
1066 2880 1127 2920 non
1146 2862 1295 2936 vulgatae,

121 2955 192 3011 tunc
207 2951 285 3010 effici
298 2952 420 3027 poterit.
448 2953 554 3012 Virtus
570 2956 672 3012 autern
687 2952 830 3012 orationis
844 2952 978 3027 poeticae
993 2950 1221 3026 praestantioris
1238 2953 1293 3024 est,
1313 2959 1347 3006 30

120 3044 154 3099 ut
169 3060 203 3098 ex
217 3041 346 3114 propriis
361 3046 478 3101 constet
491 3043 670 3101 nominibus.
699 3042 751 3100 sed
762 3060 827 3112 cum
838 3060 897 3101 non
911 3040 1030 3101 triviale
1044 3039 1225 3114 minimeque
1238 3042 1293 3098 hu·

121 3129 191 3188 mile
201 3133 296 3204 genus
308 3133 440 3207 quaerat,
451 3136 523 3190 tunc
534 3133 637 3190 utatur
647 3131 706 3189 alio
716 3149 827 3207 genere
840 3130 1003 3190 nominum.
1030 3127 1139 3203 Itaque
1148 3128 1293 3188 ridiculus

120 3221 176 3297 est,
194 3218 246 3293 qui
260 3219 379 3293 quaerit
392 3221 638 3296 perspicuitatem
654 3225 684 3281 et
702 3224 807 3279 utatur
825 3219 995 3278 nominibus
1015 3217 1193 3293 aequivocis,
1211 3236 1294 3293 pere-

120 3308 215 3384 grinis
234 3308 410 3384 autlingua
432 3311 523 3369 variis
543 3313 596 3369 aut
613 3309 699 3369 fictis.
742 3309 991 3384 quemadmodum
1013 3307 1156 3366 ridiculus
1176 3325 1294 3384 quoque

121 3397 188 3471 erit,
202 3397 253 3474 qui
266 3398 384 3473 quaerit
396 3398 633 3475 admirationem,
648 3417 701 3457 seu
716 3398 870 3457 excludere
884 3398 1010 3474 vulgare
1022 3415 1055 3455 ac
1065 3396 1292 3456 delectationem
1314 3405 1346 3452 35

121 3489 254 3562 quaerat,
274 3487 300 3546 si
314 3487 483 3546 nominibus
497 3489 610 3563 plebeis
629 3488 766 3546 omnibus
781 3490 894 3546 utatur.
931 3486 1012 3561 Ergo
1026 3488 1117 3561 poeta
1129 3506 1190 3546 non
1205 3487 1294 3546 debet

121 3576 260 3635 excedere
283 3577 313 3634 in
333 3596 389 3636 usu
412 3578 566 3636 nominum
584 3597 644 3636 non
666 3577 865 3653 propriorum,
889 3594 927 3635 ne
951 3576 989 3634 ad
1007 3575 1146 3651 aenigma
1164 3577 1294 3652 labatur,

120 3684 216 3740 neque
236 3668 266 3723 et
284 3666 484 3743 propriorum,
503 3686 540 3727 ne
560 3686 578 3725 a
596 3668 692 3725 forma
705 3666 825 3744 poetica
839 3666 876 3724 ad
895 3684 1063 3724 sermonem
1077 3665 1216 3724 omnibus
1231 3666 1294 3725 vul-

119 3756 224 3831 gatum
243 3754 372 3816 labatur.
559 3829 561 3833 7

210 3844 260 3902 67.
270 3842 381 3917 Inquit.
406 3843 597 3906 concinnitas
607 3847 699 3922 atque
713 3844 921 3906 convenientia
934 3843 1099 3902 dictionum
1112 3843 1192 3902 inter
1207 3861 1238 3903 se
1247 3844 1292 3902 in·
1313 3852 1347 3900 40

119 3933 217 3992 vicem
235 3935 327 4007 atque
347 3952 505 3995 mensurae
529 3955 643 4012 aequae
667 3936 804 3996 omnibus
827 3933 965 4011 partibus
989 3931 1223 4009 correspondens
1247 3936 1295 3993 est

209 4103 276 4158 tln
294 4103 434 4173 margine:
464 4104 517 4159 Hic
540 4105 672 4161 Averrois
697 4105 793 4162 omisit
816 4105 850 4159 de
874 4103 986 4159 nomine
1009 4104 1177 4172 Masculino,
1201 4103 1293 4159 Femi-

122 4173 187 4228 nino
207 4178 235 4228 et
253 4175 361 4230 Neutro
380 4177 510 4246 tractare,
530 4177 565 4231 de
584 4177 685 4245 quibus
704 4177 872 4232 Aristoteles
891 4175 936 4230 hic
956 4176 1066 4231 loeutus
1085 4177 1135 4230 est.

210 4321 432 4373 nexemaae.
472 4323 647 4380 10:58a17.
687 4323 861 4373 14:58a20.
901 4322 1077 4372 romeam.
1115 4322 1291 4374 18:58a24.

119 4391 295 4443 30:58a31.
368 4390 547 4460 40:58b11.
1096 4395 1104 4414 ⁹
